2622 4326
178 263 238 325 132
528 255 572 306 on
590 253 728 307 narum
745 253 885 306 ononnn

176 423 205 475 et
224 412 367 484 continet,
389 417 492 472 natura
511 425 573 469 non
593 407 748 468 artificiosa
767 405 879 477 solum,
901 406 953 467 sed
973 407 1059 486 plane
1080 406 1183 468 artifex
1204 407 1237 468 ab

175 498 280 558 eodem
295 497 412 556 Zenone
427 494 546 567 dicitur,
564 491 724 554 consultrix
739 499 768 551 et
782 490 904 570 provida
917 489 1074 552 utilitatum
1090 501 1237 572 opportu-

146 586 151 602 ’
175 581 358 660 nitatnmquo
378 579 521 640 omnium.
551 577 646 656 Atque
665 584 698 636 nt
717 584 829 636 ceterae
847 583 968 664 naturae
988 575 1051 636 suis
1072 577 1237 639 seminibus

177 684 307 746 quaeque
329 665 500 742 gignuntur,
528 668 700 740 augescunt,
729 660 929 732 continentur,
950 659 992 720 sie
1011 667 1117 722 natura
1137 662 1240 723 mnndi

178 768 280 811 omnes
296 757 397 810 motus
412 748 499 808 habet
512 745 694 807 voluntarios
709 752 889 823 conatusque
904 752 932 805 et
946 744 1155 823 appetitiones
1172 765 1240 825 quas

178 827 282 916 ὁρμάς
305 833 407 894 Graeci
425 839 543 906 vocant,
564 831 657 892 ethis
679 835 889 890 consentaneas
909 829 1039 890 actiones
1060 829 1105 890 sic
1124 831 1241 892 adhibet

177 927 211 981 nt
234 917 427 997 nosmetipsi,
453 917 502 996 qni
528 915 633 976 animis
657 933 811 975 movemur
830 921 859 974 et
877 913 1021 975 sensibus.
1053 913 1133 974 'l'alis
1156 915 1241 994 igitur

177 1022 261 1066 mens
288 1003 391 1064 mnndi
419 1020 509 1079 quum
537 1001 575 1061 sit
602 1000 640 1062 ob
660 1018 782 1078 eamque
804 1017 939 1059 caussam
958 999 1002 1059 vel
1021 999 1183 1077 prudentia
1201 1001 1241 1060 vel

177 1087 360 1168 providentia
370 1085 507 1166 appellari
518 1093 596 1146 recte
607 1084 712 1164 possit,
729 1084 847 1160 (Graece
859 1083 936 1143 enim
949 1077 1094 1164 πρόνοια
1110 1085 1238 1162 diuitum)

178 1171 458 1249 haecpotissimnm
479 1168 613 1248 providet
632 1178 660 1230 et
680 1169 711 1228 in
730 1169 777 1228 his
797 1167 922 1228 maxime
940 1175 986 1228 est
1001 1176 1162 1248 occupata,
1183 1170 1239 1250 pri-

179 1274 262 1316 mum
277 1262 309 1315 ut
324 1255 453 1315 mundus
469 1273 556 1333 qnam
571 1253 742 1332 aptissimus
758 1254 796 1313 sit
811 1253 846 1313 ad
866 1253 1117 1332 permanendum,
1139 1254 1239 1315 deinde

179 1349 211 1399 nt
230 1339 307 1399 nulla
325 1357 357 1398 re
372 1345 465 1416 egeat,
482 1338 611 1414 maxime
625 1346 721 1399 autem
736 1337 813 1399 utin
829 1355 863 1396 eo
880 1336 985 1398 eximia
999 1337 1193 1416 pulchritudo
1208 1339 1239 1399 sit

179 1431 265 1502 atque
281 1423 377 1482 omnis
394 1430 524 1483 ornatus.
753 1419 756 1425 ‘

120 1515 161 1578 23
264 1507 378 1569 Dictum
393 1516 438 1568 est
453 1508 489 1568 de
503 1507 639 1568 universo
656 1505 776 1580 mundo,
794 1505 902 1566 dictum
919 1513 964 1566 est
979 1505 1065 1566 etiam
1082 1507 1120 1566 de
1137 1507 1238 1567 sideri-

127 1607 159 1658 59
179 1592 247 1666 bns,
272 1601 305 1653 ut
330 1593 387 1653 iam
414 1591 629 1671 propemodum
653 1599 792 1670 appareat
811 1590 966 1651 multitudo
987 1607 1041 1650 nec
1061 1592 1238 1652 cessantium

181 1678 303 1739 deornm
323 1696 378 1738 nec
392 1695 438 1749 ea,
459 1696 531 1756 qnae
546 1684 646 1755 agant,
667 1675 849 1736 molientium
866 1693 933 1735 cnm
947 1674 1048 1734 labore
1064 1694 1196 1754 operoso
1211 1695 1240 1736 ac

180 1763 317 1824 molesto.
348 1762 415 1821 Non
430 1761 509 1821 enim
529 1760 609 1821 venis
631 1769 661 1821 et
674 1760 771 1820 nervis
788 1766 815 1819 et
832 1757 949 1820 ossibus
965 1759 1169 1835 continentur,
1190 1779 1240 1821 nec

181 1847 215 1908 iis
238 1847 313 1908 escis
334 1858 383 1907 aut
397 1845 568 1925 potionibus
582 1851 754 1916 vescuntur,
774 1852 807 1904 nt
821 1851 871 1904 ant
885 1843 973 1904 nimis
989 1862 1072 1905 acres
1089 1852 1142 1906 ant
1154 1845 1240 1906 nhnis

181 1941 335 1993 concretos
355 1931 495 1990 humores
516 1930 662 2008 colligant,
681 1947 736 1990 nec
754 1928 790 1988 iis
812 1929 986 2006 corporibus
1003 1937 1086 2002 sunt,
1108 1937 1142 1990 nt
1158 1949 1241 1999 casus

181 2022 230 2076 aut
259 2016 333 2076 ictus
363 2014 564 2086 extimescant,
594 2021 643 2074 aut
671 2013 794 2074 morbos
819 2020 952 2074 metuant
977 2032 1011 2073 ex
1038 2013 1242 2093 defatigatione

181 2099 391 2160 membrorum.
422 2098 503 2170 Quae
522 2116 625 2158 verens
640 2099 784 2178 Epicurus
804 2116 1047 2176 monogrammos
1064 2099 1138 2175 deos
1154 2107 1184 2160 et
1197 2099 1241 2160 ni·

129 2192 162 2245 60
181 2183 222 2243 hil
241 2190 358 2260 agentes
379 2189 563 2242 commentus
585 2190 638 2243 est.
668 2182 710 2242 llli
725 2191 820 2244 autern
836 2182 1030 2262 pulcherrima
1045 2184 1144 2245 forma
1158 2203 1241 2264 prae-

182 2265 233 2327 diti
249 2265 464 2345 purissimaque
480 2265 511 2333 in
526 2266 646 2345 regione
661 2267 729 2328 caeli
745 2267 874 2328 collocati
889 2267 928 2327 ita
939 2268 1072 2328 feruntur
1083 2271 1241 2330 moderan-

181 2362 287 2430 turque
306 2368 423 2422 cnrsnS,
443 2357 476 2410 nt
495 2351 531 2412 ad
553 2350 652 2412 omnia
671 2352 870 2414 conservanda
886 2361 915 2412 et
929 2352 1036 2414 tuenda
1051 2355 1242 2416 consensisse

181 2437 340 2498 videantur.
369 2435 475 2496 Multae
494 2444 589 2497 autem
610 2437 680 2497 aliae
696 2445 815 2499 naturae
830 2434 954 2498 deorum
970 2457 1004 2498 ex
1019 2439 1137 2515 magnis
1153 2439 1241 2500 bene-

131 2593 133 2596 ·
182 2521 254 2584 liciis
272 2517 381 2584 eornm
401 2538 464 2582 non
484 2521 547 2582 sine
567 2540 670 2583 caussa
691 2531 718 2582 et
737 2542 753 2583 a
775 2521 910 2582 Graeciae
930 2521 1159 2600 sapientissimis
1181 2531 1242 2584 eta

216 2673 257 2728 58.
274 2655 326 2726 uon
347 2676 487 2742 artificiosa
506 2673 553 2724 sol.
571 2691 593 2724 s.
608 2673 684 2743 plone
735 2677 862 2738 guantur.
881 2671 1195 2739 dellivin.l,56‚128.)
1217 2691 1243 2725 so

737 2739 802 2804 folgt
814 2741 924 2804 dogegen
936 2741 976 2790 die
990 2739 1198 2793 Gesammtnatur
1210 2744 1244 2792 ih—

738 2824 783 2858 rer
794 2809 898 2871 eigenen
911 2808 990 2858 l'reien
1002 2809 1053 2858 und
1063 2810 1244 2876 verniinl'tigen

738 2876 996 2940 Selhsthestimmung.

773 2933 1245 3009 §theumonogrammosdoocunt-

738 3019 792 3071 ter,
809 3012 849 3061 die
862 3028 910 3061 nur
925 3012 965 3062 dle
979 3011 1093 3064 Umrisse
1107 3015 1183 3064 einer
1196 3014 1245 3065 Ge-

182 2743 292 2808 artpfeso,
314 2742 392 2794 lenes
404 2745 438 2793 ist
449 2743 504 2792 also
521 2743 633 2806 wenlger
644 2741 683 2790 als

183 2810 274 2868 dieses,
304 2811 469 2876 Artificiosns
486 2811 521 2861 ist
535 2811 612 2872 anch,
629 2823 685 2858 wer

181 2877 234 2926 viel
256 2873 470 2940 liunstlcrtiglreit
498 2878 592 2928 besitzt
621 2877 684 2926 ohne

182 2942 275 3004 gerade
286 2942 326 2990 ein
336 2944 495 3002 vollondeter
503 2942 633 3008 lliinstler‚
644 2945 685 2994 ein

182 3006 305 3057 Iliinstler
328 3025 376 3058 von
397 3009 542 3060 Prolession
566 3029 597 3061 zu
622 3012 684 3072 seia,

182 3089 236 3124 nias
253 3074 375 3126 vielmebr
392 3077 438 3124 der
453 3079 554 3140 musea
572 3080 618 3140 ist,
640 3078 685 3128 dor

183 3144 208 3193 in
224 3142 318 3206 Alieni,
339 3156 392 3191 was
413 3157 442 3192 er
458 3145 552 3208 nocht,
575 3145 627 3194 sich
646 3145 684 3196 als

183 3209 306 3262 Iliinstler
318 3210 441 3260 bewtthrt.

216 3285 247 3332 ut
262 3283 362 3330 colerae
377 3281 487 3328 naturae
497 3307 532 3314 —
543 3305 578 3314 -
588 3281 627 3329 sie
638 3297 685 3331 rto-

184 3347 350 3400 toresmundi.
377 3346 409 3401 ut
420 3375 453 3382 -
465 3346 504 3396 sie
516 3347 604 3396 dienen
617 3348 685 3399 nicht

183 3417 239 3468 hlos
256 3416 386 3480 Gleiches,
409 3415 516 3465 sondern
538 3415 600 3464 auch
621 3415 685 3466 ilnt-

183 3491 393 3548 gegengesetztes
408 3483 683 3535 zusammenznstellen.

161 3549 244 3600 'Wle
267 3553 308 3602 die
330 3553 412 3604 Natnr
439 3552 486 3602 der
508 3551 683 3602 Einzelwesen

183 3617 312 3679 gebnnden
324 3621 372 3669 und
387 3619 488 3684 bedingt
499 3619 534 3671 ist
543 3620 620 3673 durch
630 3620 684 3672 ihre

183 3687 288 3745 sonabo,
300 3687 354 3734 ihre
366 3685 466 3750 Raima,
479 3689 504 3737 in
517 3689 596 3739 denen
609 3691 684 3740 echon

183 3751 228 3800 das
246 3749 338 3800 Gosetz
354 3753 422 3801 ihrer
434 3754 624 3820 Entwiclielung
641 3773 684 3820 ge·

184 3817 263 3880 geben
280 3817 326 3880 ist,
350 3818 384 3879 (in
401 3823 539 3871 omninibus
560 3827 600 3872 oio
617 3827 686 3873 ineest

184 3901 275 3937 aarum
295 3899 396 3944 rerum,
417 3900 479 3950 quoe
497 3903 532 3936 eo:
546 3890 579 3938 iic
594 3893 686 3956 progi-

739 3077 801 3128 stalt
816 3079 909 3145 haben,
927 3079 1087 3130 lineamentis
1103 3081 1247 3134 dnmtooeal

738 3149 877 3212 colomnis,
899 3149 947 3198 wie
967 3163 995 3198 es
1011 3148 1073 3198 oben
1091 3148 1114 3213 l,
1132 3149 1180 3215 44,
1200 3149 1245 3201 123

737 3215 813 3264 hiess.
837 3215 957 3266 hehnlich
975 3223 1066 3266 nonnte
1079 3216 1197 3269 Lucilius
1210 3218 1246 3268 ei·

738 3299 785 3332 nen
799 3283 899 3333 blassen
909 3285 960 3333 nnd
968 3284 1164 3348 obgcmagerten
1174 3287 1246 3337 Men·

738 3351 826 3413 schen,
843 3351 890 3401 der
905 3352 1040 3414 gleichsam
1057 3369 1106 3402 nur
1121 3355 1188 3405 noch
1208 3355 1246 3404 ein

738 3418 858 3468 Sohatten
874 3435 940 3481 war,
956 3422 1002 3470 tac
1016 3423 1104 3472 einum
1115 3421 1247 3474 bononem

738 3501 1017 3603 piemonogrammurm
1054 3488 1153 3540 Nonius
1175 3507 1202 3558 p.
1215 3489 1246 3539 37

767 3569 817 3602 ero.

773 3619 815 3670 60.
826 3639 876 3674 coa
889 3626 945 3674 sine
954 3640 1055 3676 caussa.
1068 3624 1246 3678 DieseWorte

739 3691 860 3754 sprechen
889 3693 945 3741 eine
971 3691 1163 3759 Anerkennung
1192 3712 1248 3746 ans.

738 3755 791 3804 Der
808 3755 909 3808 Stoilrer
928 3759 1046 3811 verwirft
1066 3762 1107 3812 die
1129 3763 1154 3813 in
1175 3763 1248 3816 Rede

739 3824 859 3873 stehende
871 3825 976 3876 Ansioht
988 3828 1067 3891 nicht,
1084 3845 1160 3882 wenn
1176 3847 1208 3881 er
1221 3847 1249 3882 es

738 3890 1248 3958 auchnichtunternimmcsiemitdriiu-
