2612 4328
150 227 210 292 198
494 219 539 271 nn
557 217 852 272 uarunsnncnuu

111 387 131 450 7
149 379 220 460 quid
239 378 291 451 sit,
310 374 421 436 nescio.
450 373 518 436 Non
537 373 626 452 igitm
644 373 753 447 adbuc,
773 380 915 452 quantum
934 369 1053 452 quidem
1068 370 1100 432 in
1114 378 1143 434 te
1158 379 1212 445 est,

148 463 249 537 Balbe,
269 459 396 538 intelligo
418 459 489 521 deos
509 477 589 520 esse:
609 477 685 538 quos
705 457 841 538 equidem
860 456 947 518 eredo
968 475 1046 530 esse,
1066 456 1119 518 sed
1139 455 1212 518 nibil

97 563 128 613 16
149 550 256 610 docent
270 544 369 607 Stoici.
400 544 474 606 Nam
491 543 657 618 Cleanthes,
676 551 710 606 ut
729 543 856 616 dicebas,
877 549 1017 623 quattuor
1035 541 1135 603 modis
1149 543 1212 604 tor-

148 640 242 694 matas
262 631 293 692 in
312 629 418 691 animis
438 628 592 690 hominum
611 636 695 708 putat
713 630 836 690 deorum
857 646 923 690 esse
943 626 1092 688 notiones.
1129 627 1211 689 Unus

148 717 174 779 is
188 714 296 778 modus
312 721 364 788 est,
379 715 415 775 de
430 733 489 793 quo
505 714 577 776 satis
593 713 660 787 dixi,
677 714 726 793 qui
741 721 787 774 est
801 722 957 793 susceptus
972 731 1007 774 ex
1022 713 1211 792 praesensio·

148 819 186 862 ne
200 820 300 864 rerum
319 800 498 871 lutmarum3
518 799 592 860 alter
610 817 645 858 ex
664 798 933 878 perturbationibus
952 805 1163 877 tempestatum
1184 805 1212 859 et

148 886 266 966 reliquis
279 884 423 958 motibus;
435 883 538 944 tertius
551 902 587 944 ex
598 883 806 945 commoditate
816 901 926 954 rerum,
938 900 1011 961 quas
1021 882 1209 962 percipimus,

148 978 176 1032 et
202 971 300 1050 copia3
323 977 448 1049 quartus
471 988 506 1030 ex
526 976 675 1032 astrorum
696 968 798 1032 ordine
817 967 945 1047 caelique
964 967 1139 1028 constantia.
1170 967 1212 1028 lle

147 1055 357 1137 praesensione
377 1054 513 1116 diximus
543 1054 585 1114 De
604 1052 873 1132 perturbationibus
888 1051 1063 1114 caelestibus
1079 1060 1108 1113 et
1122 1052 1211 1114 mari-

148 1141 228 1202 timis
249 1147 278 1201 et
293 1139 416 1202 terrenis
431 1156 493 1199 non
508 1157 670 1217 possumus
686 1138 794 1212 dicere,
809 1155 899 1217 quum
915 1155 948 1197 ea
963 1137 1049 1210 fiant,
1070 1155 1135 1198 non
1150 1155 1211 1199 esse

149 1225 273 1296 multos,
295 1224 345 1303 qui
365 1223 413 1284 illa
432 1230 565 1285 metuant
580 1230 608 1283 et
622 1241 638 1282 a
654 1223 708 1285 diis
724 1221 941 1284 immortalibus
956 1222 1020 1283 fieri
1035 1221 1217 1284 existiment.-

99 1319 128 1368 1'1
151 1308 208 1368 Sed
227 1325 290 1368 non
310 1308 340 1367 id
358 1307 520 1386 quaeritur,
547 1307 645 1396 sintne
664 1307 765 1386 aliqui,
785 1306 835 1386 qui
855 1306 927 1369 deos
947 1325 1014 1368 esse
1035 1314 1157 1387 putent:
1175 1307 1211 1369 dii

139 1391 249 1454 'utrum
269 1391 329 1452 sint
348 1409 440 1452 necne
459 1391 531 1465 sint,
552 1392 709 1472 quaeritur.
744 1392 818 1452 Nam
838 1391 964 1471 reliquae
984 1410 1122 1466 caussae,
1143 1411 1211 1472 quas

150 1476 301 1538 Cleanthes
318 1477 410 1550 anon,
427 1494 552 1556 quarum
569 1495 626 1538 una
640 1483 686 1538 est
700 1477 736 1538 de
751 1477 978 1538 commodorum
994 1495 1067 1555 quae
1081 1477 1211 1556 capimus

150 1562 248 1640 copia,
268 1561 355 1623 altera
374 1562 410 1622 de
430 1569 600 1641 temporum
616 1561 719 1632 ordine
735 1562 862 1641 oaehque
874 1561 1053 1636 constantia,
1073 1570 1140 1622 tum
1156 1569 1213 1622 tra·

150 1647 305 1708 ctahnntur
319 1667 336 1708 a
351 1646 453 1720 nohis,
475 1666 567 1726 quum
583 1646 799 1726 disputabimus
820 1647 856 1707 de
875 1646 1059 1724 providentia
1079 1648 1211 1719 deorum,

150 1732 185 1792 de
200 1751 256 1810 qua
271 1733 395 1810 plurima
411 1750 428 1792 a
442 1738 485 1804 te,
501 1731 604 1803 Balbe,
621 1731 697 1792 dicta
713 1739 794 1806 sunt3
814 1730 977 1809 eodemque
991 1731 1039 1792 illa
1054 1731 1144 1792 etiam
1160 1731 1213 1792 dil-

150 1818 291 1891 leremuS‚
307 1817 386 1896 quod
401 1815 598 1897 Chrysippum
613 1815 709 1878 dicere
725 1817 839 1890 aiebas,
859 1815 998 1895 quoniam
1013 1823 1094 1876 esset
1108 1815 1212 1895 aliquid

149 1900 179 1961 in
193 1920 294 1963 rerum
309 1909 412 1963 natura
428 1902 508 1982 quod
523 1902 559 1962 ah
574 1901 694 1962 homine
709 1901 784 1962 ellici
799 1919 860 1962 non
875 1908 991 1980 posset,
1008 1918 1076 1961 esse
1092 1901 1212 1961 homine

149 2104 273 2167 domitor,
287 2099 369 2154 weiss*
375 2104 449 2154 Cotta
461 2103 505 2153 das
517 2105 597 2153 nicht:
615 2103 653 2158 als
708 2105 801 2166 legung
818 2103 861 2152 des
874 2102 983 2152 zweiten
1001 2101 1063 2152 aber
1076 2103 1159 2166 gleich
1171 2103 1213 2152 der

149 2170 269 2220 Pontifex
281 2170 358 2220 leont
367 2186 397 2220 er
406 2169 566 2226 denFcunue
575 2171 655 2220 aller·
709 2172 753 2220 des
766 2171 863 2220 vierten
876 2169 918 2219 hir
929 2169 1002 2220 einen
1012 2170 1132 2236 spiiteren
1143 2169 1213 2221 'l’heil

150 2239 233 2300 dings,
246 2237 400 2299 wenlgstens
413 2236 537 2306 insolepn,
555 2238 613 2288 dass
626 2253 655 2289 er
710 2239 793 2290 seinos
802 2237 943 2302 Vortmges
952 2236 1086 2303 autoparen
1101 2239 1163 2299 will,
1176 2253 1212 2287 wo

151 2305 239 2369 weiss,
257 2302 353 2353 welche
364 2302 527 2367 Anrufungen
540 2305 590 2353 und
603 2304 655 2355 Ge·
710 2321 739 2356 er
750 2322 800 2357 von
813 2306 858 2355 der
869 2304 1165 2372 g'o'ttlichenVorscbung
1176 2322 1214 2356 re·

150 2372 208 2421 bete
220 2387 251 2421 un
264 2371 304 2421 ibn
318 2388 350 2421 zu
363 2371 460 2421 richten
473 2372 541 2436 sind,
558 2372 655 2430 welche
709 2374 756 2425 den
787 2373 864 2435 wind,
894 2373 935 2424 liir
964 2373 1059 2422 welche
1086 2373 1213 2424 dieselben

151 2439 407 2502 Maehterweisnngen
424 2455 479 2489 man
491 2455 541 2491 von
553 2440 602 2490 ihm
615 2455 656 2490 er-
710 2440 813 2492 Griinde
831 2441 953 2491 cheulalls
968 2439 1104 2504 angeldhrt
1121 2456 1212 2492 waren.

149 2515 254 2573 wartet,
280 2507 375 2558 welche
400 2507 582 2572 lleiligthiimer
604 2510 655 2558 und
680 2529 686 2536 ·
709 2509 747 2559 llr
764 2509 903 2560 vermeidct
919 2508 965 2560 aul
978 2510 1048 2558 diese
1067 2507 1160 2559 Weise
1176 2510 1214 2558 die

152 2575 228 2626 Feste
240 2577 288 2627 ihm
301 2575 411 2640 geweiht
426 2577 495 2626 sind:
516 2577 579 2626 iiber
591 2576 654 2626 wel·
708 2575 941 2640 Notbwendiglreit,
962 2575 1080 2626 dassclbe
1102 2576 1215 2627 zweimal

151 2645 210 2694 obes
222 2645 294 2696 Alles
311 2645 350 2694 die
367 2661 416 2695 von
429 2643 526 2695 Merkel
539 2661 571 2694 zu
583 2645 655 2696 Ovid.
710 2659 742 2693 zu
754 2659 844 2707 sagen,
861 2645 909 2694 wie
922 2659 950 2694 es
963 2659 1020 2694 vom
1032 2644 1126 2695 Balbus
1138 2645 1214 2695 aller-

150 2711 220 2763 Fast.
236 2713 350 2779 prolegg.
368 2729 390 2778 p.
409 2711 471 2764 CCll
487 2711 656 2776 angelrihrten
710 2712 782 2775 dings
805 2711 944 2774 gescbeben
966 2712 1008 2762 ist.
1043 2712 1122 2762 dener
1143 2712 1214 2763 Theil

152 2779 248 2830 Stellen
260 2797 307 2831 uns
319 2780 447 2830 Auslmnst
458 2781 546 2844 gehen.
558 2809 593 2818 -—
604 2779 655 2832 Ue·
710 2795 760 2830 von
772 2778 869 2829 Cotta's
882 2778 1009 2843 Vortrage
1026 2780 1061 2830 ist
1077 2780 1141 2830 aher
1156 2795 1214 2832 uer·

150 2846 196 2896 ber
216 2849 260 2898 das
282 2849 329 2898 den
351 2847 500 2912 Uebergang
520 2849 654 2899 maehende
710 2846 790 2898 loren.

150 2929 243 2964 amns.
256 2931 277 2964 c.
291 2914 332 2977 24,
346 2914 387 2964 61.
747 2915 786 2965 17.
812 2914 855 2966 illa
875 2917 951 2966 abiem
971 2913 1134 2980 diffamans.
1165 2915 1215 2964 Der

185 2971 217 3031 7.
237 2979 276 3028 16.
290 2982 428 3044 sonantur
444 2981 486 3032 nir
503 2984 547 3032 das
564 2984 589 3034 in
601 2985 656 3033 die·
703 2980 808 3046 >l'lural,
832 2983 891 3032 weil
914 2983 959 3032 das
982 2981 1124 3033 Pronomen
1148 2983 1215 3032 nieht

151 3061 204 3096 sem
221 3046 296 3094 Sinne
313 3049 512 3108 gewbhnliehere
528 3051 657 3114 offerrun-
710 3048 766 3098 hlos
778 3049 824 3100 auf
832 3051 876 3100 das
889 3049 1010 3101 zuniichst
1022 3050 1140 3114 fulgendo
1150 3050 1217 3117 quod

152 3118 200 3176 tur,
214 3112 324 3162 welches
337 3115 400 3162 auch
413 3114 475 3164 oben
488 3113 516 3179 ll,
529 3115 553 3176 5,
569 3116 598 3164 13
611 3132 656 3179 ge·
676 3130 682 3142 ⁸
712 3116 803 3184 Chrys.
815 3117 1007 3182 moereantur,
1026 3119 1136 3168 eundern
1153 3119 1215 3169 auch

152 3180 257 3231 braacht
270 3180 370 3230 worden
383 3179 424 3230 ist.
435 3209 467 3216 —
482 3181 527 3230 Die
540 3181 656 3246 fulgendo
710 3183 756 3234 aul
770 3185 814 3236 dus
831 3185 930 3236 femere
947 3201 1010 3249 quoe
1025 3213 1060 3224 -
1081 3201 1217 3256 compara-

152 3248 351 3312 Wiederbolung
367 3249 413 3298 der
425 3246 593 3300 von‘lileantb
610 3266 657 3300 en-
711 3253 768 3317 tas,
788 3257 907 3318 atquem
922 3281 957 3290 -
972 3255 1102 3319 offerebas
1120 3256 1216 3305 dentet

151 3318 284 3382 getthaeos
306 3315 408 3368 Griinde
430 3317 520 3367 iindert
540 3317 579 3367 die
600 3319 657 3369 dort
710 3317 769 3382 Vgl.
782 3318 812 3382 ll,
825 3321 866 3386 50,
881 3321 937 3372 126.
962 3319 1216 3384 securiculas:

151 3386 262 3450 belolgte
283 3387 415 3450 ordnung,
439 3385 520 3436 indam
546 3385 583 3437 sie
609 3387 656 3436 den
710 3401 863 3455 eoeproancm
885 3392 1000 3457 patruum
1020 3389 1063 3440 a'tla
1083 3389 1216 3452 mttdtoeo,

152 3455 245 3506 dritten
263 3469 309 3505 vor
320 3455 367 3505 den
384 3454 493 3504 zweiten
510 3454 593 3505 stellt:
616 3453 656 3504 ol·
710 3454 779 3520 quod
787 3450 822 3492 -’
834 3471 921 3507 manee
936 3460 1043 3508 memor
1055 3474 1113 3508 ease
1123 3457 1216 3508 dicitis.

152 3519 240 3572 lenbcr
257 3523 317 3574 weil
329 3522 403 3574 Cotta
421 3523 483 3573 nach
496 3523 657 3587 Beseitignng
710 3522 756 3572 Die
775 3521 867 3574 Worte
885 3539 949 3590 quoe
965 3528 992 3574 tn
1013 3525 1089 3576 domo
1107 3525 1217 3592 pulchra

152 3588 196 3636 des
209 3597 295 3640 ersten
311 3606 360 3640 vcn
378 3591 425 3640 der
436 3591 580 3642 Divinaticn
598 3593 656 3643 ber·
710 3605 769 3640 cum
792 3591 981 3658 pulchritudino
1004 3591 1096 3643 mucidi
1114 3607 1217 3662 coropa-

151 3669 329 3718 genommenen
356 3659 409 3708 rich
431 3658 499 3722 jetat
524 3675 571 3709 nur
592 3659 655 3710 noch
710 3659 789 3709 ratas
813 3659 868 3708 sind
892 3660 931 3709 als
955 3659 1125 3724 ahgeliircter
1148 3659 1217 3711 Aus-

151 3721 197 3772 uul
214 3722 262 3772 den
282 3724 390 3786 dritten,
412 3740 461 3775 von
479 3727 526 3776 den
543 3727 670 3776 Steunen'
709 3726 788 3776 druek
801 3742 833 3776 nu
844 3728 993 3790 versteben,
1011 3735 1079 3778 etwa
1094 3726 1137 3778 liir
1152 3743 1217 3794 quoe

150 3790 202 3840 und
223 3787 319 3838 Furcht
348 3792 502 3852 erregenden
530 3792 654 3843 Naturae·
708 3791 823 3842 tudooao
834 3793 1010 3860 pulchracum
1085 3795 1218 3847 bethadiae

152 3855 333 3916 sebelnungen,
346 3854 485 3920 einlaeeen,
497 3859 537 3908 die
552 3859 655 3910 Wider-
709 3861 801 3908 maome·
820 3857 996 3928 comparandi
1035 3863 1130 3914 'cedam
1151 3864 1218 3914 dena
