2612 4328
406 219 508 270 nisu.
538 217 789 270 censumar..
873 232 878 239 ·
980 223 982 230 ⁴
1057 223 1116 286 173

61 372 97 434 ab
116 370 207 432 ocubs
222 378 250 432 et
263 371 383 434 naribus
400 371 590 432 dominorum
605 392 653 445 ea,
672 391 745 452 quae
759 373 933 452 profluentia
948 373 1116 435 necessario

7 467 8 504 ἒ
60 456 143 518 taetri
172 465 271 518 essent
299 455 405 536 aliquid
430 455 576 531 habitura3
606 457 649 517 sic
673 464 776 518 natura
801 475 851 518 res
877 458 987 520 similes
1013 459 1118 538 procul

60 539 223 602 amandavit
242 561 258 602 a
278 541 425 602 sensibus.
466 540 538 611 Quis
559 559 627 600 vero
647 541 744 619 opilea
763 550 878 621 praeter
891 551 1039 616 naturam,
1061 561 1117 623 qua
1135 545 1176 609 b‘l

7 671 8 674 η
60 625 131 686 nihil
150 631 335 703 potestesse
354 622 497 696 solidiue,
517 630 628 684 tantam
648 624 806 685 sollertiam
820 627 958 705 persequi
972 627 1118 706 potuisset
1139 640 1187 692 14²

42 781 44 794 Ι
60 711 91 770 in
111 707 269 770 sensibus?
289 709 505 790 quaeprimum
521 709 623 768 oculos
638 709 818 770 membranis
832 709 1014 770 tenuissimis
1026 711 1123 771 vesti-x

58 795 146 855 vitet
165 794 288 872 saepsit:
316 813 387 873 quas
406 793 536 873 primum
556 791 719 872 perlucidas
739 794 819 868 fecit,
846 802 879 855 ut
899 813 953 873 per
971 813 1019 855 eas
1039 795 1118 856 cerni

25 952 28 958 Ι
59 887 176 958 posset,
193 879 293 939 firmas
309 887 419 952 autem,
434 887 467 940 ut
482 878 708 939 continerentur.
740 879 798 939 Sed
811 879 942 940 lubricos
958 879 1058 940 oculos
1075 881 1117 953 le-,

58 963 99 1023 cit
116 971 145 1023 et
165 962 301 1036 mobiles,
320 970 354 1024 ut
374 971 402 1024 et
420 963 595 1024 declinarent
616 963 641 1021 si
661 963 728 1041 quid
750 972 881 1036 noceret,
900 972 928 1024 et
947 963 1118 1042 adspectum

59 1065 119 1126 quo
146 1046 251 1118 vellent
275 1048 355 1109 facile
382 1055 596 1121 converterent3
626 1047 761 1126 aciesque
788 1048 851 1126 ipsa
878 1067 933 1127 qua
952 1048 1117 1122 ceruimus,

58 1151 133 1212 quae
153 1131 261 1210 pupula
280 1140 407 1206 vocatur,
431 1133 470 1192 ita
489 1151 577 1211 parva
597 1138 654 1205 est,
680 1142 713 1192 ut
733 1151 765 1192 ea
786 1149 860 1212 quae
880 1151 986 1194 nocere
1002 1133 1120 1212 possint

58 1215 140 1276 l'aoile
159 1215 241 1275 vitet:
266 1217 491 1296 palpebraeque,
512 1235 586 1296 quae
606 1224 676 1277 sunt
693 1225 840 1295 tegmenta
856 1218 1021 1291 oculorum,
1041 1217 1117 1277 mol-

57 1300 187 1360 lissimae
215 1307 310 1374 tactu,
339 1319 377 1361 ne
405 1303 551 1362 laederent
579 1302 688 1374 aciem,
721 1301 872 1380 aptissime
901 1304 993 1364 sactae
1024 1307 1053 1362 et
1082 1302 1118 1363 ad

58 1383 232 1445 claudendas
258 1385 396 1464 pupulas,
423 1403 460 1445 ne
486 1385 556 1463 quid
576 1385 728 1456 incideret,
755 1387 840 1466 etad
861 1387 1045 1464 aperiendas:
1072 1387 1118 1447 id-

58 1470 115 1548 que
141 1467 268 1547 providit
292 1476 325 1528 ut
351 1468 509 1529 identidem
529 1469 592 1528 fieri
611 1477 713 1546 posset
728 1487 799 1542 ,cum
819 1470 944 1531 maxima
964 1470 1116 1530 celeritate.

52 1551 243 1630 ‘Munitaeque
277 1559 346 1612 sunt
377 1552 532 1631 palpebrae
563 1560 712 1630 tamqnam
738 1553 811 1612 vallo
836 1553 978 1631 pilorum,
1012 1553 1116 1631 quibus
1140 1562 1187 1611 143

57 1647 87 1699 et
113 1636 222 1714 apertis
250 1634 357 1708 oeulis,
391 1636 416 1696 si
443 1636 512 1715 quid
540 1636 692 1709 incideret,
725 1637 922 1716 repelleretur,
956 1647 985 1698 et
1011 1653 1117 1698 somno
1147 1706 1152 1722 .

57 1719 290 1793 conniventibus,
313 1739 403 1800 quum
427 1721 519 1782 oculis
542 1721 577 1780 ad
601 1721 779 1800 ceruendum
801 1739 862 1781 non
885 1731 1045 1799 egeremus,
1068 1727 1117 1782 ut·

57 1823 114 1886 que
140 1814 290 1884 tamquam
315 1805 437 1866 involuti
464 1804 655 1884 quiescerent.
699 1805 803 1866 Latent
828 1812 975 1884 praeterea
1001 1805 1116 1880 utiliter,

57 1901 86 1950 et
112 1888 232 1949 excelsis
258 1889 388 1968 undique
414 1891 547 1969 partibus
574 1890 754 1969 saepiuntur.
800 1889 935 1950 Primum
961 1889 1039 1950 enim
1065 1909 1116 1950 su-

55 1973 187 2054 periora,
221 1974 382 2053 superciliis
417 1975 555 2048 obducta,
590 1974 728 2035 sudorem
762 1992 778 2034 a
806 1974 898 2053 capite
925 1982 953 2035 et
979 1994 996 2034 a
1022 1976 1118 2036 fronte

57 2057 233 2118 defluentem
266 2059 418 2137 repellunt.
475 2059 572 2120 Genae
604 2059 707 2119 deinde
734 2058 770 2119 ab
797 2058 935 2119 inferiore
960 2067 1043 2138 perte
1068 2067 1116 2120 tu·

54 2150 156 2205 tantur
183 2142 327 2203 subiectae
352 2143 512 2223 leniterque
538 2143 708 2204 eminentes.
762 2143 915 2224 Nasusque
942 2144 981 2205 ita
1006 2144 1117 2205 locatus

56 2235 115 2302 est,
143 2234 176 2287 ut
202 2227 284 2307 quasi
308 2247 411 2289 murus
437 2229 529 2290 oculis
549 2228 716 2290 interiectus
736 2247 802 2289 esse
821 2229 959 2312 rideatur.
994 2229 1116 2291 Auditus
1140 2231 1188 2280 144

55 2319 154 2374 autem
176 2331 293 2391 semper
311 2322 405 2392 patet3
432 2315 494 2374 eius
520 2313 598 2374 enim
624 2331 715 2374 sensu
735 2307 822 2373 etiam
836 2305 1023 2374 ¹dormientes
1049 2333 1117 2392 ege-

91 2487 146 2548 57.
178 2496 235 2546 1'42.
263 2499 376 2562 patenum
400 2523 435 2534 -
457 2499 562 2564 saepsit,
648 2497 758 2565 pupula,
773 2499 835 2548 aucb
849 2496 961 2564 papalia,
979 2495 1117 2562 dnsPiipp-

55 2581 121 2631 quas
130 2569 246 2632 primurn
255 2563 351 2631 perlue.
365 2566 418 2629 sec.
444 2564 505 2613 llem
522 2579 564 2612 er-
586 2606 589 2608 .
616 2565 687 2628 eben,
700 2564 744 2614 Gr.
757 2560 789 2614 κό
809 2581 831 2628 η,
844 2579 894 2612 von
907 2565 963 2612 dem
974 2563 1117 2628 Bildekwas

56 2639 114 2682 sten
125 2629 562 2700 pmbeementspricbtaedlubra'eos
617 2631 669 2679 siob
687 2646 733 2681 urs
751 2632 821 2680 darm
840 2630 971 2679 darstellt:
993 2628 1022 2679 ἐν
1043 2629 1065 2696 p
1085 2624 1117 2679 τὸ

57 2715 95 2749 oc.
110 2701 177 2766 sec,
198 2699 253 2749 dem
269 2698 377 2747 zweiten
394 2698 455 2746 aber
464 2699 562 2764 firmae
617 2695 734 2748 εἴδωλον
752 2691 921 2765 ἀντιλάμπει
937 2697 987 2746 τοῦ
998 2695 1118 2760 βλέπον-

55 2772 153 2817 matera.
183 2766 248 2816 Dese
267 2764 355 2816 Cicero
377 2764 490 2814 zweimal
509 2767 563 2832 pri-
616 2781 670 2821 τος.
694 2764 760 2814 Plut.
772 2764 802 2813 de
815 2762 862 2830 iac.
873 2763 897 2812 in
907 2763 959 2812 orb.
969 2762 1032 2812 Lon.
1043 2780 1065 2813 e.
1076 2764 1116 2814 27.

54 2851 129 2886 mum
146 2834 295 2898 gebraucbt,
316 2833 351 2882 ist
368 2832 504 2895 allerdings
522 2833 562 2880 ein
652 2831 708 2882 143.
728 2836 851 2882 etsomrro
861 2831 1058 2882 connitentibus.
1076 2831 1118 2882 Ci-

54 2902 226 2966 Uebelstand,
238 2902 286 2951 den
299 2915 328 2950 er
339 2900 379 2950 bei
392 2907 472 2960 etwas
484 2899 563 2949 weni-
617 2913 675 2951 cero
694 2900 729 2949 ist
744 2900 769 2948 in
782 2900 827 2949 der
838 2898 894 2948 llile
911 2901 956 2948 des
969 2899 1118 2950 Scbreibcns

55 2962 110 3033 ger
123 2969 295 3033 Fliiebtiglreit
314 2968 392 3018 leicbt
412 2968 482 3018 biitte
502 2982 562 3016 ver·
618 2966 730 3016 offenbar
748 2981 793 3017 aus
814 2967 860 3016 der
876 2966 1052 3018 construction
1074 2983 1119 3032 ge·

54 3037 274 3088 meidenlro’nnen.
615 3034 702 3084 lellen.
737 3033 806 3086 Nacb
833 3037 1034 3098 conniventibus,
1063 3051 1119 3100 mag

89 3109 123 3156 nt
130 3108 329 3156 continerentur.
346 3103 404 3154 Man
415 3102 563 3152 kannzwel-
616 3117 672 3152 man
690 3117 717 3152 es
735 3119 784 3152 nun
802 3103 840 3152 als
858 3103 938 3156 absol.
955 3104 1039 3154 Ablat.
1057 3105 1119 3154 oder

55 3171 149 3223 lelbalt
160 3172 222 3238 sein,
235 3187 287 3222 was
296 3172 340 3221 das
351 3169 456 3234 Subject
467 3187 499 3220 zu
508 3170 562 3220 dio·
616 3170 654 3220 als
668 3170 743 3220 nativ
756 3169 868 3235 aelmon,
880 3178 976 3222 musste
989 3172 1029 3220 ein
1043 3171 1118 3234 Satn-

56 3256 112 3292 sem
125 3238 211 3291 Verbo
224 3240 273 3304 sei,
287 3239 353 3290 oculi
363 3240 425 3288 oder
434 3240 562 3288 montra-
616 3238 683 3302 glied
693 3237 785 3301 folgen,
798 3239 823 3288 in
833 3238 953 3288 welebem
963 3239 1001 3288 ein
1011 3238 1117 3286 anderes

55 3325 114 3358 nae.
135 3305 562 3362 Eskcmmteberlleidesanlfflns
617 3305 720 3356 Subieet
731 3307 768 3356 als
782 3306 848 3358 oculi
861 3307 943 3366 w'dre3
962 3305 1001 3353 ein
1019 3303 1116 3352 solebes

54 3377 164 3437 bernus3
185 3375 250 3424 donn
269 3375 309 3424 die
327 3375 404 3436 llaut,
421 3373 461 3422 die
474 3373 562 3423 Cicero
616 3373 681 3436 lolgt
692 3373 754 3424 aber
766 3374 846 3434 nicht,
864 3372 971 3421 sondern
985 3376 1047 3419 statt
1058 3370 1117 3418 des·

54 3443 150 3507 meiat,
167 3443 201 3492 ist
213 3443 276 3492 eben
288 3443 334 3492 der
345 3443 475 3491 iiusscrste
488 3441 562 3490 Tbeil
617 3457 661 3491 sen
678 3446 755 3506 utque
766 3469 800 3478 -
812 3441 987 3504 quiescerent,
1012 3435 1116 3486 niimlicb

55 3513 102 3561 des
112 3512 201 3573 Auges
211 3509 298 3575 selbst,
311 3509 496 3572 diellombaut,
507 3523 563 3559 cor-
617 3509 689 3572 oeab',
703 3509 764 3558 oder
780 3507 847 3576 uacbl
859 3505 928 3553 einer
944 3503 1039 3552 andern
1056 3503 1119 3554 Les·

53 3595 114 3629 nea.
138 3577 223 3628 Durclr
241 3577 294 3628 ibre
311 3578 388 3631 lliirte
409 3577 459 3624 und
476 3576 562 3626 Stei—
616 3577 754 3640 artatque·
763 3600 797 3609 —
809 3575 972 3638 qrdescerent.
992 3571 1062 3621 Aucb
1077 3571 1117 3622 die

54 3645 179 3710 figkeit
191 3645 245 3696 biilt
255 3645 304 3694 und
317 3644 451 3709 bebnnptet
463 3645 499 3693 sie
509 3643 562 3693 sieb
616 3639 868 3702 Wiederbolungvon
878 3639 956 3690 ccult's
965 3655 1012 3689 vor
1020 3639 1055 3691 ad
1062 3654 1118 3692 car*-

54 3714 80 3764 in
98 3715 170 3764 ihrer
182 3713 283 3763 Gestalt
300 3713 487 3776 (emtinetur),
503 3712 561 3761 dass
615 3707 737 3772 nondam,
762 3706 846 3756 woliir
868 3709 904 3756 eia
925 3706 1020 3771 geniigt
1039 3709 1117 3771 nacto,

54 3783 95 3833 sie
107 3782 177 3832 nicbt
188 3779 414 3843 auseinandergebt
429 3779 490 3830 oder
502 3793 561 3830 ver·
617 3775 676 3826 dari
684 3776 722 3825 als
733 3775 772 3824 ein
784 3775 881 3824 Beweis
890 3790 941 3826 roo
950 3775 1121 3840 llliicbtigkeit

52 3851 166 3900 scboben
179 3849 251 3900 wird.
617 3843 757 3907 angeseben
772 3843 883 3893 werden.
