2646 4334
156 225 197 286 56
506 223 549 272 llll
566 221 702 272 NATURA
720 217 857 270 DEORUM

104 410 109 423 ·
156 376 290 446 Minerva,
307 381 423 453 partum
439 372 515 434 loris
531 379 684 451 ortumque
699 371 818 449 virginis
834 372 871 432 ad
886 369 1104 450 physiologiam·
1114 372 1224 434 tradu-

157 476 225 520 cens
240 457 380 536 disiungit
394 476 410 518 a
426 456 531 518 lahula.
552 489 558 511 0

99 545 140 605 lo
241 543 373 620 Exposui
394 543 455 602 lere
474 559 536 602 non
555 539 802 618 philosophorum
822 539 942 613 iudicia,
958 541 1009 600 sed
1026 540 1222 602 delirantium

102 637 136 687 42
157 626 282 688 somnia.
313 627 372 688 Nec
391 625 468 686 eninr
495 625 588 685 multo
609 623 780 684 absurdiora
806 633 942 698 semea,
968 644 1040 704 quae
1059 634 1223 704 poetarum

155 711 277 773 vocibus
294 712 435 790 15551555
451 709 588 770 suavitate
603 717 781 781 nocuerunt3
801 709 850 788 qni
866 717 894 770 et
906 709 956 770 -ira
975 709 1174 771 inflammatos
1190 719 1223 772 et

156 797 275 858 libidine
294 798 423 857 ferentes
447 793 624 854 induxerunt
640 793 725 865 deos,
746 794 935 873 feceruntque
954 803 988 856 ut
1007 813 1112 856 eorum
1132 795 1222 868 bella,

157 899 281 960 pugnas
295 880 411 960 praelia,
426 877 735 951 vulne1·avideremus;
751 877 987 957 odia‘praeterea,
1004 878 1139 951 discidia,
1156 881 1222 940 dis-

158 967 284 1038 5551155,
301 977 391 1036 55155,
407 963 552 1036 interitus
569 963 711 1040 querelas,
727 963 958 1036 lamentationes,
973 964 1079 1024 ellusas
1092 964 1222 1026 inomni

159 1051 380 1130 intemperantia
394 1047 540 1118 1151511555,
561 1047 712 1120 adulteria,
732 1047 859 1121 vincula,
881 1067 948 1110 oum
963 1049 1094 1114 humano
1111 1067 1221 1137 genere

105 1150 138 1200 43
161 1135 348 1224 concubitus,
368 1132 567 1210 mortalesque
582 1151 616 1191 ex
636 1132 793 1195 immortali
809 1141 991 1210 procreatos.
1022 1133 1220 1211 655555515-

159 1227 342 1280 rumautem
363 1236 464 1278 errore
484 1218 662 1296 coniungere
686 1217 752 1277 licet
774 1224 910 1296 portenta
929 1237 1098 1296 magorum
1124 1219 1221 1314 Aegy-

159 1303 347 1382 ptierumque
362 1302 393 1362 in
405 1303 509 1362 eodem
526 1320 631 1380 genere
646 1301 859 1374 dementiam,t
847 1310 908 1362 tum
926 1302 1012 1364 etiarn
1029 1302 1103 1380 vulgi
1118 1303 1220 1383 opini-

122 1429 125 1444 ,
160 1405 241 1459 5555,
258 1386 372 1462 quaein
384 1387 511 1446 maxima
525 1386 730 1454 inconstantia,
746 1387 873 1448 veritatis
886 1387 1079 1464 ignoratione,
1095 1406 1221 1448 versan-

159 1480 215 1532 tur.
256 1471 296 1530 Ea
322 1471 371 1548 qui
399 1472 563 1532 consideret
583 1491 671 1551 quam
696 1471 863 1532 inconsulte
882 1491 916 1532 55
940 1479 1048 1532 temere
1075 1471 1221 1546 dicantur,

159 1555 285 1617 venerari
301 1555 460 1634 Epicurum
477 1564 504 1618 et
520 1559 550 1617 in
566 1575 669 1618 eorum
684 1556 817 1636 ipsorum
829 1574 964 1628 numero,
977 1556 1133 1634 dequibus
1149 1557 1223 1618 5555

160 1641 288 1720 quaestio
305 1651 357 1713 est,
372 1642 478 1724 hahere
493 1643 603 1703 debeat
632 1642 718 1702 Solus
731 1641 809 1702 enim
824 1641 903 1713 vidit,
917 1641 1046 1737 primum
1058 1659 1124 1701 esse
1135 1642 1222 1714 deos,

160 1725 260 1804 quod'
253 1744 283 1785 m
301 1719 433 1788 55551555
450 1727 555 1788 animis
571 1727 840 1787 commeationem
857 1725 1058 1804 impressisset
1078 1725 1144 1803 1555
1164 1745 1222 1788 55-

159 1819 232 1871 tura
261 1811 340 1906 Quae
356 1819 400 1871 est
415 1812 492 1872 enim
508 1830 579 1889 gens
600 1818 649 1871 aut
661 1811 741 1904 qpod
757 1828 849 1891 genus
870 1809 1040 1883 hominum,
1062 1810 1141 1888 quod
1157 1828 1225 1870 non

159 1897 266 1957 haheat
292 1895 354 1954 sine
374 1897 506 1956 doctrina
532 1876 767 1971 anticipationem
788 1893 931 1972 quandam
959 1857 1104 1959 deorum?
1130 1913 1224 1974 quam

160 1980 283 2060 appellat
298 1971 469 2062 πρόληψιν
483 1979 636 2056 Epicurus,
652 1978 681 2036 id
697 1986 741 2037 est
757 1987 936 2057 anteceptam
954 1979 1052 2039 animo
1067 1979 1108 2038 rei
1125 1999 1223 2059 quan-

161 2066 226 2125 dam
244 2063 493 2134 informationem,
515 2062 578 2122 sine
593 2080 649 2140 qua
663 2080 717 2122 nec
739 2062 856 2141 intelligi
869 2062 1027 2142 quidquam
1048 2081 1103 2124 nec
1118 2065 1224 2143 quaeri

160 2232 201 2282 515
226 2231 332 2282 85511155
356 2232 400 2281 des
425 2230 591 2310 Chrysippus,
615 2244 660 2280 eus

160 2298 299 2350 Seleucia
293 2317 318 2349 55
331 2299 435 2376 Syrien,
448 2292 618 2378 καλούμενος
631 2294 662 2346 dd
685 2348 688 2358 ,

159 2363 338 2432 Βαβυλώνιος
366 2360 414 2416 dui
439 2360 489 2428 τὴν
511 2367 660 2432 γειτονίαν,

158 2435 207 2485 wie
223 2436 295 2499 Diog.
314 2436 344 2483 L
361 2431 482 2513 sagtVll,
500 2431 540 2482 81.
572 2431 661 2482 Scires

127 2558 132 2564 ‚
159 2503 256 2554 Buches
277 2503 342 2569 περὶ
360 2517 408 2566 της
418 2495 537 2565 Αθηνας
553 2499 663 2564 gedenlst

159 2571 221 2620 auch
234 2572 278 2620 das
291 2569 395 2620 Herlul
408 2569 451 2619 Fr.
465 2570 487 2632 5,
504 2568 542 2618 15.

122 2625 128 2639 ⁶
195 2628 246 2686 ld
264 2637 305 2686 42.
316 2639 394 2704 suaa.
419 2636 582 2699 Dereigentl.
594 2635 662 2684 Aus-

160 2705 238 2754 druck
250 2719 300 2754 von
313 2706 501 2772 llrgiessungen
521 2705 567 2754 der
577 2703 661 2769 poeti-

160 2773 234 2821 55555
250 2774 311 2823 oder
326 2790 388 2841 prop
374 2774 516 2839 photisehen
531 2771 661 2836 Begeiste-

159 2853 230 2904 rung,
232 2839 301 2888 5555
309 2843 372 2891 5555
382 2842 426 2891 (155
437 2840 590 2890 Wohnsinns
601 2839 662 2888 oder

159 2877 661 2968 (1551155515551555515511.1151524,

159 2973 200 3022 66
217 2975 248 3023 (15
269 2973 340 3024 Finn.
358 2973 400 3035 lV,
418 2973 505 3036 4,16;
546 2943 662 3023 oetarunl

158 3056 230 3092 more
244 3045 321 3092 verbo
332 3010 457 3106 fondere.
482 3040 512 3088 de
552 3037 659 3102 151511,

161 3108 199 3175 11,
216 3109 262 3159 21·
283 3111 449 3159 concitatione
468 3109 562 3156 55555115
580 3106 621 3156 edi
636 3077 662 3156 el

159 3176 395 3322 qeqpsopprqma·
399 3242 571 3307 rrtogoraamd.
584 3241 607 3289 5.
621 3241 660 3289 die

159 3311 440 3364 Ahenteuerliehheiten
455 3310 500 3358 des
512 3308 661 3358 Persischen

159 3377 586 3446 undlledischenGdttergleuhens.
594 3374 660 3438 (Vgl.

159 3447 294 3510 c.8,18u.
308 3447 335 3497 11
340 3445 408 3510 ,2.81
433 3437 661 3508 Denninngt'hies·

160 3515 254 3564 sendra
263 3515 376 3566 Priesher
385 3512 577 3563 dreserVolker
597 3508 662 3561 Was

158 3596 208 3631 von
225 3582 293 3632 115555
310 3583 388 3632 durch
401 3581 542 3631 Zerdescht
558 3581 597 3629 od.
610 3577 662 3627 Zo-

159 3655 260 3698 roaster
274 3651 322 3712 (um
335 3650 408 3714 5661)
423 3665 450 3699 55
452 3649 581 3699 1555515155
591 3646 661 3696 ileli-

175 3716 215 3765 'en
229 3717 269 3766 hei
282 3716 406 3767 Griechen
418 3719 468 3768 und
479 3717 587 3768 11655555
601 3731 661 3765 vor-

176 3791 263 3848 ommt,
285 3785 319 3835 ist
337 3785 490 3848 vollst'dndig
507 3797 661 3844 zusammen·

158 3853 262 3916 restent
271 3868 319 3904 von
331 3852 402 3902 Torn.
415 3853 498 3918 Hyde:
512 3853 575 3902 llist.
586 3850 658 3913 relig.

716 2239 779 2282 vett.
801 2231 901 2282 Persar.
924 2247 1058 2297 eorumque
1082 2246 1223 2295 magorum.

718 2299 799 2350 05555.
815 2299 888 2348 1160.
962 2326 964 2332 ν

750 2369 990 2434 Aegyptiorumque
1005 2395 1037 2402 —
1057 2367 1222 2418 dementiam.

716 2435 830 2486 Velleius
856 2435 933 2484 denlrt
953 2435 1103 2485 namentlich
1125 2449 1158 2484 an
1179 2437 1222 2486 die

716 2501 864 2565 Verehrung
884 2503 928 2551 der
944 2503 1052 2565 heiligen
1065 2501 1158 2552 Tlriere
1170 2505 1222 2554 und

645 2597 653 2618 t
717 2571 762 2620 der
784 2571 808 2620 in
831 2569 1002 2632 Thiergestelt
1022 2571 1221 2620 erscheieenden

685 2686 689 2694 ,
717 2636 1220 2702 (151155.8.5.29,81.36,161.111,

718 2705 756 2770 19,
770 2707 811 2755 41.

748 2777 866 2824 55555551
881 2772 1019 2852 6515555555
1036 2776 1082 2822 ete
1106 2772 1168 2822 Dies
1185 2774 1220 2823 ist

715 2841 945 2891 charakteristisch.
981 2840 1118 2890 Aehnliehe
1142 2841 1220 2890 iiber·

715 2909 828 2958 triebene
846 2908 1040 2970 Aeusserengen
1049 2909 1103 2958 der
1119 2907 1218 2958 Vereh-

715 2991 779 3038 rung
806 2977 852 3024 der
875 2975 1016 3040 1155555555
1043 2991 1124 3038 gagen
1147 2976 1218 3026 ihren

715 3041 821 3092 Meister
839 3042 920 3091 finden
939 3044 990 3093 5155
1004 3043 1100 3107 hiiulig,
1117 3044 1169 3093 und
1180 3043 1218 3092 515

715 3111 817 3159 werden
828 3111 968 3174 desuegen
989 3126 1039 3160 von
1060 3111 1131 3160 ihren
1149 3109 1217 3175 Geg-

715 3184 942 3294 gelnqvmqpqottet'
972 3177 1029 3242 Vgl
1047 3178 1175 3228 Plutarch.
1193 3193 1217 3242 g.

736 3260 776 3294 oo
810 3261 823 3294 5

749 3315 830 3362 5551151
847 3316 995 3362 51155555-
962 3308 1155 3380 -πρόληψιν,
1171 3312 1218 3363 Mic

715 3381 807 3430 diesem
828 3330 922 3430 liemon
944 3381 1105 3431 bezeichnete
1122 3380 1218 3446 Epilmr

715 3448 755 3498 (115
767 3447 939 3510 allgemeinem
953 3463 998 3497 aus
1011 3448 1173 3511 Erinnerung
1185 3463 1217 3498 an

715 3514 1218 3578 wiederholteWahrnehmungundVer-

715 3583 846 3647 gleiehung
856 3583 902 3632 der
911 3584 1019 3633 dadurch
1029 3583 1155 3634 derSeele
1162 3584 1218 3634 ein-

714 3651 850 3716 gepriigten
869 3650 1065 3713 Vorstellung'en
1080 3666 1217 3714 5555555-

677 3753 687 3762 .
715 3734 762 3767 555
776 3717 890 3781 Begrille,
904 3719 963 3768 weil
976 3719 1012 3767 sie
1020 3719 1105 3781 jedem
1117 3717 1218 3770 [1515511

714 3786 777 3836 iiber
790 3785 897 3836 Wahres
914 3787 964 3834 und
976 3785 1097 3836 Falsches
1115 3787 1164 3835 und
1173 3786 1217 3850 je·

714 3853 759 3902 der
775 3851 892 3902 lerneren
905 3852 1107 3917 Denheperetion
1125 3869 1218 3904 voran-
