2646 4334
166 281 207 344 34
517 275 561 326 un
579 275 716 328 nurum
734 275 873 328 nnounru
948 276 955 285 ·

166 433 344 494 desiderant:
363 439 397 490 ut
410 432 483 491 haec
497 429 527 490 iu
541 429 728 508 philosophia
742 429 816 490 ratio
833 437 933 490 contra
949 425 1047 489 omnia
1063 427 1230 490 disserendi

165 517 333 594 nullamque
351 534 414 576 ram
434 523 531 593 aperte
551 513 711 588 iudicandi,
732 515 861 593 proiecta
876 533 893 574 a
908 513 1038 586 Socrate,
1053 513 1174 593 repetita
1190 514 1230 576 ab

165 599 307 670 Aroosita,
328 601 499 661 confirmata
518 618 535 660 a
554 599 710 672 Carneade,
730 618 824 679 usque
840 599 875 659 ad
892 607 1025 660 nostram
1042 599 1132 676 viguit
1147 605 1229 660 aeta-

165 695 239 758 tem3
254 703 342 764 quam
356 701 437 746 nunc
451 685 665 764 propemodum
682 685 785 746 orbam
800 702 865 744 esse
880 682 910 743 iu
925 683 988 762 ipsa
1005 683 1125 744 Graecia
1140 683 1228 744 intel-

165 771 233 849 ligo.
264 770 349 844 Quod
365 787 426 830 non
437 769 608 831 Academiae
622 769 701 842 vitio,
717 769 767 830 sed
783 768 916 829 tarditate
930 763 1084 828 bominum
1100 769 1229 829 arbitror

95 881 102 886 ·
167 855 333 933 contigisse.
362 854 436 914 Nam
463 854 489 914 si
508 854 636 931 singulas
656 853 822 932 disciplinas
841 853 992 932 percipere
1011 871 1153 930 magnum
1173 861 1229 928 est,

167 949 276 1020 quanto
293 939 386 1002 maius
403 936 528 999 omnes?
545 939 622 1017 quod
638 939 731 1000 iacere
746 939 781 999 iis
793 957 913 998 necesse
925 946 977 1010 est,
993 938 1098 1018 quibus
1111 957 1229 1017 propo-

167 1025 257 1087 situm
277 1033 321 1086 est
338 1024 398 1085 veri
413 1022 574 1103 reperiendi
590 1041 693 1084 caussa
708 1031 737 1083 et
750 1031 852 1084 eontra
868 1041 972 1084 omnes
987 1023 1185 1102 philosophos
1200 1031 1231 1084 et

117 1117 147 1168 tt
169 1131 224 1190 pro
241 1110 376 1170 omuibus
392 1109 494 1168 dicere.
521 1107 610 1168 Cuius
625 1107 666 1168 rei
682 1116 775 1168 tantae
790 1117 906 1187 tamque
921 1107 1045 1168 difficilis
1060 1109 1229 1169 facultatem

157 1201 358 1256 consecutum
379 1212 444 1254 esse
463 1211 510 1252 me
527 1211 589 1252 non
601 1194 759 1270 profiteor:
779 1202 992 1254 secutum-esse
1007 1211 1078 1272 prae
1091 1211 1139 1252 me
1154 1193 1228 1254 sero.
1312 1212 1316 1235 ¹

168 1279 228 1339 Neo
242 1287 339 1338 tamen
355 1277 416 1338 fieri
431 1285 537 1356 potest,
552 1285 593 1349 ut,
608 1277 658 1357 qui
673 1279 729 1339 bac
743 1279 856 1339 ratione
870 1277 1126 1357 philosophentur,
1143 1277 1163 1337 ii
1180 1278 1228 1338 ni·

167 1363 208 1424 bil
227 1362 351 1422 habeant
370 1364 449 1440 quod
469 1371 635 1441 sequantur.
665 1363 782 1425 Dictum
800 1371 846 1424 est
864 1362 986 1423 omnino
1004 1363 1059 1422 bac
1073 1363 1109 1422 de
1123 1381 1156 1422 re
1170 1362 1228 1422 alio

167 1449 233 1508 loeo
249 1445 427 1523 diligentius:
448 1448 513 1520 sed,
529 1449 595 1527 quia
610 1449 700 1509 nimis
715 1449 855 1510 indociles
872 1447 989 1527 quidam
1004 1447 1134 1526 tardique
1150 1455 1229 1521 suut,

169 1531 345 1594 admonendi
364 1531 498 1594 ridentur
516 1533 642 1612 saepius.
671 1533 737 1594 Non
752 1533 829 1594 onim
850 1551 953 1594 sumus
973 1532 1006 1604 ii,
1029 1533 1135 1611 quibus
1154 1532 1229 1592 nibil

169 1636 269 1698 verum
289 1635 355 1678 esse
370 1617 511 1691 videatur,
537 1619 588 1679 sed
609 1618 643 1692 ii,
670 1619 718 1697 qui
739 1619 877 1679 omnibus
896 1618 973 1680 veris
993 1617 1063 1678 falsa
1084 1616 1227 1696 quaedam

169 1702 302 1762 adiuncta
317 1721 382 1762 esse
393 1703 536 1777 dicamus,
551 1713 628 1764 tanta
640 1703 834 1776 similitudine,
849 1712 882 1764 ut
897 1703 925 1762 in
937 1703 972 1763 iis
984 1702 1062 1763 nulla
1077 1701 1148 1762 insit
1164 1720 1228 1762 cer-

169 1797 198 1847 ta
212 1785 358 1848 iudicandi
374 1797 401 1849 et
416 1788 593 1850 assentiendi
608 1796 692 1876 rapta:
713 1808 747 1848 ex
762 1807 820 1867 quo
837 1787 945 1848 exstitit
958 1787 1039 1860 illud,
1054 1787 1145 1846 multa
1161 1805 1228 1847 esse

170 1956 241 2007 einer
261 1954 343 2006 Labra
369 1957 403 2006 ist
426 1957 480 2006 ulso
497 1957 671 2019 keiueswoges
726 1960 811 2006 omuiu
830 1955 912 2006 laturo
927 1958 954 2006 iu
967 1956 1071 2008 oculto.
1088 1983 1123 1994 -
1143 1955 1229 2008 Uober

170 2023 239 2073 bloss
260 2023 299 2072 ibr
320 2031 403 2073 orator
424 2023 542 2089 Urbebor,
562 2026 670 2074 sandoro
727 2023 869 2074 Cameudeo
882 2039 902 2074 s.
915 2036 936 2072 c.
949 2023 973 2086 2,
989 2024 1013 2074 4.
1145 2035 1147 2038 ·

170 2092 210 2141 ihr
223 2089 401 2155 jedesmaliger
422 2090 630 2154 Vor·treter(wie
648 2107 670 2141 z.
759 2095 814 2142 cori
835 2091 980 2159 reperdmdi
1003 2107 1103 2142 caussa.
1141 2091 1227 2141 Aller-

170 2159 197 2207 B.
220 2157 372 2274 Chrysippus
396 2159 560 2208 alternationis
580 2161 672 2210 auctor
726 2160 797 2223 diugs
810 2175 864 2208 war
875 2175 903 2208 es
914 2159 986 2208 ibuen
997 2175 1037 2208 um
1047 2157 1228 2208 dieWabrbeit

170 2225 257 2288 uersu,
270 2227 300 2276 de

169 2295 283 2355 auctoris
301 2295 335 2343 ist
351 2295 395 2344 das
412 2310 461 2344 voa
480 2295 561 2344 eiucm
577 2295 672 2347 tiiohti-

169 2378 217 2424 gen
240 2361 376 2413 Vertreter
403 2363 560 2425 ausgebende
590 2362 670 2426 Licha,

169 2430 289 2484 wodurch
300 2429 339 2479 die
349 2429 430 2479 Lebre
443 2431 536 2480 andern
546 2431 672 2480 einleuoh·

336 2227 395 2275 ivin.
407 2225 483 2290 ll,28,
494 2226 549 2289 613)
563 2228 612 2276 und
624 2226 673 2278 lum
726 2245 757 2277 uu
778 2229 852 2291 thuu,
873 2242 946 2276 weorr
968 2227 1004 2276 sie
1021 2227 1083 2276 auch
1101 2239 1140 2275 um
1158 2227 1228 2287 Euda

725 2311 773 2346 nur
801 2312 834 2344 zu
862 2295 916 2344 dem
941 2294 1059 2344 Resultat
1087 2295 1229 2358 goiuugbuq

725 2365 792 2426 dass,
802 2363 826 2412 in
837 2363 1022 2424 Ermangciuug
1031 2361 1101 2410 eines
1113 2362 1228 2412 sicberou

725 2429 884 2493 liriteriums,
898 2431 938 2478 eiu
952 2430 1062 2478 sichores
1074 2430 1124 2478 und
1134 2430 1228 2492 gewis-

170 2499 230 2548 tend
254 2497 317 2546 wird
340 2498 391 2546 und
411 2497 526 2547 Ausebeu
549 2499 669 2561 gewiuut.

142 2599 144 2607 ι
169 2565 217 2615 Eia
229 2565 670 2616 sotcberb'ertreterfebltoseithi·

169 2630 215 2682 to's
226 2631 295 2682 Tode
309 2633 355 2683 der
363 2632 559 2684 Akademisoben
570 2633 669 2684 Scbule.

169 2699 252 2749 Dabar
264 2700 336 2764 stage
347 2700 443 2764 Cicero,
456 2703 514 2752 dass
528 2702 565 2752 sie
575 2717 670 2771 prope-

168 2767 273 2818 modum
286 2771 349 2820 ordu
362 2771 406 2820 sei.

169 2836 672 2967 uirbig‘idffiiii'iiiiiiiitiii

170 2971 350 3036 Skepticismns
360 2974 409 3022 und
418 2973 582 3022 derPolemik
591 2989 670 3038 gagen

171 3040 219 3088 den
232 3039 416 3102 Dogmatismus
428 3041 474 3089 der
485 3041 580 3090 andern
593 3043 671 3091 Sebu-

725 2514 767 2549 ses
792 2497 896 2548 Wissen
926 2497 970 2548 der
995 2495 1127 2547 Wubrbeit
1150 2513 1228 2556 uuer-

725 2566 841 2617 reicbbar
868 2565 917 2627 sei,
947 2565 996 2614 uud
1025 2579 1081 2614 rnuu
1106 2565 1159 2616 sicb
1182 2565 1227 2614 mit
1317 2573 1318 2576 ’

726 2634 995 2686 Wahrsoheiulicbkeit
1010 2632 1141 2695 begniiqou
1158 2632 1227 2682 uriis-
1309 2681 1314 2690 ,

725 2719 761 2754 se.
786 2703 822 2752 Do
835 2703 906 2752 Fiun.
920 2702 953 2768 ll,
968 2701 1011 2764 tt,
1026 2700 1072 2749 43:
1091 2699 1173 2762 Quasi
1184 2699 1228 2750 de·

724 2776 829 2890 rat
850 2773 994 2888 ratu·
1014 2771 1098 2886 tut
1106 2768 1230 2886 ttae

724 2855 801 2956 qocpttp.
818 2855 901 2968 ‚¹1⁶qu
920 2905 947 2954 t:
967 2904 1031 2954 matt
1050 2902 1121 2953 uliud
1135 2871 1226 2968 agrum

723 2977 776 3024 arisi
790 2978 820 3023 ut
835 2977 862 3023 iu
878 2975 1125 3039 utramquepartem
1136 2970 1227 3038 dispu-

726 3041 802 3092 tando
814 3040 915 3090 eliceant
924 3039 1020 3105 aliquid
1024 3079 1030 3099 ,
1048 3038 1115 3104 quod
1125 3043 1172 3088 aut
1183 3051 1227 3088 ue-

170 3107 225 3170 len,
246 3122 334 3170 wagan
352 3107 435 3156 seinos
448 3110 621 3174 Aussprucbes
638 3125 672 3159 or
724 3124 785 3161 rum
806 3111 842 3158 su
861 3113 909 3157 urat
923 3107 958 3158 ud
971 3107 1000 3157 id
1014 3123 1091 3173 qaum
1105 3108 1228 3174 promimur

169 3175 263 3224 wisse
287 3175 400 3225 Nicbts
421 3175 469 3224 uls
491 3177 566 3225 eben
588 3178 670 3241 dies,
725 3176 837 3228 accedat.
861 3174 918 3239 vgr.
931 3175 963 3225 ib.
975 3174 1017 3237 24,
1032 3174 1072 3224 76.

170 3244 236 3293 dass
257 3241 671 3308 ordicttswtssqunuwo-
761 3245 800 3295 12.
823 3243 871 3294 alio
895 3244 956 3295 tooo.
991 3242 1105 3293 Niimliob
1129 3243 1153 3290 iu
1178 3242 1227 3292 deu

170 3327 217 3376 geu
234 3311 417 3361 darDialektik
434 3312 474 3362 die
490 3313 670 3376 eruuwundm,
724 3312 893 3363 Academicus.
926 3311 989 3360 Zum
1005 3310 1150 3373 Fulgeudeu
1173 3309 1226 3372 vgl.
1317 3325 1318 3386 j

170 3395 211 3430 uru
223 3379 335 3446 Andura,
352 3379 392 3428 dic
410 3379 460 3428 sich
474 3386 554 3429 etwas
566 3395 598 3428 zu
610 3381 671 3430 wis·
724 3381 786 3430 auch
799 3380 830 3429 de
843 3379 915 3430 Ostia.
928 3378 956 3444 li,
969 3379 992 3439 2,
1007 3379 1030 3428 7.

171 3463 215 3497 serr
229 3449 349 3512 riibmten,
362 3447 430 3496 ibres
443 3447 625 3498 Nicbtwisseus
639 3465 670 3497 zu
757 3448 887 3509 iudicandi
897 3453 924 3496 et
933 3445 1091 3497 assentiendi
1098 3450 1173 3495 aeota:
1185 3446 1227 3496 eiu

170 3513 330 3565 iiber-futurem
346 3543 381 3552 --
400 3515 545 3577 Arcesilas,
563 3531 608 3565 uus
629 3515 670 3566 Pi·
725 3513 1228 3577 ttriuuumwonaoumansuetissimus-
1317 3537 1318 3540 ¹

171 3588 229 3630 tane
242 3584 266 3631 iu
280 3584 375 3645 Aeolis,
387 3599 436 3633 vou
449 3583 600 3646 ato-241,
613 3584 673 3648 giug
726 3585 818 3633 tbeiIeu
833 3585 928 3633 ricbteu
945 3583 994 3632 und
1013 3581 1169 3645 demqemiiss
1184 3581 1228 3646 [uir

171 3649 232 3698 aber
263 3652 325 3700 noch
351 3651 442 3701 weiter
459 3652 511 3702 ‘als
541 3651 670 3702 Sokrates.
725 3649 1208 3714 diusoderjeuesontacbeidenitione.

170 3717 253 3782 Danu,
271 3719 320 3768 wie
336 3719 423 3769 Cicero
440 3727 496 3782 sagt
508 3720 585 3771 Acud.
597 3718 615 3783 1,
632 3719 670 3784 ta,
759 3722 868 3771 exstitit.
888 3719 924 3769 Es
940 3721 983 3768 but
999 3717 1051 3766 sich
1066 3719 1157 3767 damus
1168 3733 1226 3782 uus,

171 3785 217 3848 45,
237 3788 350 3850 negabat
369 3804 425 3838 esse
448 3789 584 3853 quidquam
606 3787 673 3852 quod
725 3789 771 3837 den
796 3785 993 3849 Abadomdroru,
1019 3787 1058 3834 die
1083 3785 1227 3850 Fuigeruug

170 3856 233 3905 suiad
242 3859 337 3920 poscet,
349 3871 383 3904 ao
393 3855 456 3906 artua
466 3857 565 3922 quidem
576 3857 669 3922 apsaro,
724 3856 841 3919 urgebam,
852 3855 900 3905 wir
912 3853 990 3904 babeo
1001 3854 1070 3904 ‹lies'e
1080 3852 1227 3916 ratgar-ung
1311 3867 1318 3903 t

172 3921 239 3991 quod
257 3920 377 3975 Socrates
392 3926 443 3974 sibi
456 3923 611 3990 reliquisset:
632 3925 670 3973 sio
724 3919 951 3988 doraus'gezogen.
963 3947 993 3958 ·-
1022 3922 1074 3971 Der
1093 3920 1155 3971 Sata
1175 3935 1226 3970 unu
