2612 4328
428 270 488 324 LiB.
501 271 531 323 Π.
559 269 631 324 CAP.
643 272 685 324 60.
698 272 740 325 61.
753 272 794 324 ut.
1080 276 1140 338 179

76 423 150 486 nihii
164 425 201 485 ad
215 424 290 484 hene
304 423 460 487 vivendum
475 425 609 505 pentinet
625 427 732 488 cedens
748 427 929 490 caelestibus.
962 428 1075 501 Quibus
1090 443 1139 490 re-

75 509 134 569 bus
160 508 302 587 expositis
328 510 399 570 satis
426 510 561 570 docuisse
591 511 710 583 videor,
739 512 868 573 hominis
898 520 1002 574 natura
1031 524 1139 592 quanto

78 611 183 654 omnes
203 593 326 655 anteiret
344 594 515 656 animantes.
543 595 587 654 Ex
601 614 660 674 qno
682 595 767 654 dehet
785 595 918 674 intelligi,
938 615 995 658 nec
1014 599 1139 676 figuram
1237 645 1241 650 -

75 679 226 757 situmque
237 678 440 739 membrorum
453 697 508 740 nec
522 679 631 757 ingenii
641 679 809 758 mentisque
821 680 879 740 vim
894 680 980 740 talem
992 683 1067 742 effici
1081 701 1138 760 po-

74 763 168 826 tuisse
192 765 320 824 fortuna.
359 763 471 838 Restat,
498 772 530 824 ut
550 764 671 825 doceam
696 772 782 844 atque
807 764 963 844 aliquando
990 783 1136 844 peronem,
1160 778 1209 828 154

74 847 177 912 omnia
192 865 267 926 quac
282 847 385 908 sintin
399 850 457 909 hoc
471 849 599 922 mundo,
615 849 721 928 quihus
735 856 855 910 utantur
869 849 1020 924 homines,
1039 850 1137 910 homi-

72 950 149 992 nnm
165 949 267 992 caussa
283 933 355 994 facta
369 952 435 994 esse
449 941 478 994 et
492 942 600 1012 parata.
627 933 776 1012 Principio
792 934 857 1013 ipse
872 933 1001 994 mundus
1014 935 1137 994 deorum
1155 937 1204 996 022·

70 1015 290 1094 hominumque
315 1035 418 1079 caussa
440 1020 534 1080 iactus
559 1026 605 1080 est
632 1021 777 1098 [quaeque
801 1018 833 1078 in
852 1037 886 1078 eo
915 1029 996 1091 sunt,
1024 1037 1058 1078 ea
1084 1036 1137 1097 pa-

71 1108 138 1160 rata
158 1101 194 1161 ad
214 1102 339 1162 fructum
358 1102 514 1165 hominum
535 1110 563 1164 et
577 1104 692 1164 inventa
712 1105 807 1179 sunt].
837 1104 890 1163 Est
910 1103 988 1164 enim
1008 1103 1136 1163 mundus

73 1185 161 1263 quasi
190 1186 356 1248 communis
387 1181 510 1248 deornm
541 1197 627 1266 atque
656 1188 812 1248 hominum
847 1188 955 1248 domus
985 1195 1035 1248 aut
1064 1187 1136 1248 urbs

71 1277 277 1348 utrorumque.
319 1271 381 1331 Soli
406 1273 484 1333 enim
511 1273 624 1333 ratione
651 1280 766 1333 utentes
793 1273 856 1334 iure
882 1291 915 1333 ac
938 1273 1001 1350 lege
1027 1273 1136 1332 vivunt.

70 1353 112 1414 Ut
142 1353 230 1431 igitur
254 1355 381 1415 Athenas
411 1364 440 1415 et
468 1357 717 1418 Lacedaemonem
742 1357 966 1419 Atheniensium
992 1357 1137 1418 Lacedae·

69 1436 303 1515 monionumque
329 1457 431 1500 caussa
455 1441 619 1518 putandum
645 1450 691 1502 est
717 1441 849 1502 conditas
875 1461 954 1513 esse,
982 1442 1137 1520 omniaque

69 1539 150 1600 quae
179 1522 238 1582 sint
266 1521 297 1582 in
326 1522 373 1582 his
403 1522 524 1583 urbibus
555 1543 657 1584 eorum
687 1525 867 1603 populorum
893 1532 971 1585 recte
996 1544 1063 1584 esse
1091 1525 1137 1584 di-

72 1613 197 1666 cuntur:
224 1606 280 1678 sic,
301 1623 500 1685 quaecumque
520 1609 636 1668 suntin
658 1609 740 1668 omni
760 1609 887 1681 mundo,
908 1609 1032 1668 deorum
1052 1615 1137 1686 atque
1202 1657 1204 1662 .

70 1689 230 1750 hominum
250 1691 378 1768 putanda
398 1699 475 1751 sunt.
505 1691 566 1752 lam
587 1710 656 1752 vero
679 1692 816 1752 circuitus
837 1693 908 1753 solis
925 1700 953 1777 et
967 1692 1054 1752 lunae
1068 1691 1137 1752 reli-
1160 1695 1207 1744 155

71 1887 175 1922 men-
183 1873 230 1922 ‹ien
243 1871 351 1924 Gtittecn
363 1874 431 1924 nicht
443 1876 577 1925 naehstehc
633 1879 707 1926 tanto
717 1891 822 1927 mococn
827 1879 879 1926 tur.

72 1955 166 1991 ausser
178 1941 334 1990 hinsichtiich
344 1942 390 1990 dec
398 1941 483 1991 Donec
494 1943 578 1992 seinen
666 1933 719 1994 62.
738 1944 845 1995 deorum
853 1945 1136 2007 hominumquecausca.

72 2008 290 2070 Gliickseligkcit‚
321 2009 355 2058 ist
383 2011 440 2060 ccht
468 2010 577 2060 Stcisch.
631 2011 689 2075 Vgl.
698 2011 817 2076 chencii,
827 2011 866 2060 16.
893 2011 944 2061 Dec
956 2010 1072 2074 fulgendo
1086 2011 1138 2060 ein-

71 2076 164 2126 Senee.
178 2076 248 2140 epist.
263 2075 308 2125 73:
325 2075 426 2144 Iupiter
441 2093 490 2142 quc
506 2083 578 2127 ante·
631 2079 879 2142 geilammcctesatz
889 2079 1135 2129 istwahnscheinlich

71 2143 141 2194 cedit
150 2145 235 2194 uirum
246 2146 356 2194 beatum?
380 2145 478 2195 dictem
496 2147 577 2196 tonus
631 2149 732 2197 unecht.
756 2147 826 2197 Dcnn
844 2162 874 2197 cc
890 2147 988 2197 enthiilt
1005 2146 1086 2196 nichts
1099 2147 1136 2195 als

71 2217 118 2262 ost.
144 2208 254 2279 Sapiens
269 2212 346 2261 nihilo
364 2229 393 2263 ao
407 2215 516 2264 minorue
533 2229 577 2264 ae·
632 2215 687 2264 eine
707 2215 818 2280 miissige
839 2214 889 2266 und
910 2215 957 2264 den
974 2213 1137 2264 Znsummen-

70 2283 175 2344 atinent,
199 2278 267 2344 quod
288 2282 396 2330 virtutae
417 2283 472 2331 eius
492 2283 577 2349 spatio
631 2284 696 2346 hang
707 2283 925 2333 nntcchnechende
937 2281 1137 2344 Wicderholung

71 2349 187 2398 umore
207 2347 370 2399 elucidantur.
395 2346 452 2412 vgl.
474 2364 514 2414 op.
532 2349 577 2398 77:
630 2351 676 2400 des
688 2351 752 2400 kun-z
764 2353 857 2402 vochec
869 2348 1009 2413 Gesngten3
1027 2351 1076 2398 und
1094 2351 1137 2399 da-

70 2413 307 2480 quomodofatuia,
318 2419 355 2466 eie
366 2418 428 2465 vitm
440 2432 492 2466 ccc
502 2431 578 2482 cumn
632 2434 664 2467 zu
680 2419 714 2469 ist
731 2421 847 2481 incentu,
869 2432 922 2467 was
944 2418 1006 2466 doch
1028 2432 1075 2466 nuc
1095 2415 1140 2464 ani

70 2482 123 2546 diu,
137 2481 184 2531 scd
193 2498 270 2546 quom
281 2484 343 2531 hone
354 2487 413 2532 acta
423 2485 473 2546 sit,
485 2485 577 2548 refert.
613 2489 616 2494 '
630 2485 827 2548 Entdeokungen
845 2485 890 2532 den
903 2483 1039 2533 Menschen
1056 2484 1137 2543 gehen

70 2549 123 2600 Cic.
146 2550 178 2598 dc
194 2549 267 2598 Finn.
290 2547 330 2612 111,
354 2549 393 2612 14,
414 2549 460 2598 46:
483 2547 577 2601 Stoicis
631 2553 706 2614 kann,
719 2551 1083 2613 hienwenigerangemesscn,
1096 2563 1136 2596 wo

70 2633 123 2668 noae
143 2617 244 2668 emtor
268 2616 403 2683 optabilior
422 2632 468 2666 nec
490 2615 577 2683 megae
631 2635 679 2667 nnc
689 2634 739 2667 von
752 2621 799 2668 den
810 2618 939 2679 Fiicsonge
952 2617 998 2665 den
1014 2615 1137 2669 schaffeu·

71 2684 216 2754 ompotentiae
232 2686 307 2733 beata
321 2686 384 2748 vito,
403 2687 429 2733 ti
438 2687 473 2734 ait
489 2685 575 2750 ionga,
631 2687 679 2735 den
692 2685 775 2735 Natnr
787 2687 827 2735 die
843 2683 912 2733 hedo
929 2685 983 2732 scin
998 2681 1090 2732 ducite.
1102 2709 1137 2718 --

71 2769 148 2818 quma
160 2755 188 2801 ei
198 2754 289 2801 breuis¹
630 2753 683 2803 Dei·
694 2753 796 2802 niichste
810 2752 883 2814 Sutz,
896 2766 946 2800 von
958 2751 1004 2800 der
1016 2749 1135 2799 Woltals

115 2820 176 2870 154.
228 2821 314 2868 omnia
341 2819 473 2870 heremum
502 2835 577 2870 caue
630 2821 711 2870 ciuem
731 2820 779 2869 den
797 2819 904 2870 Giittenn
927 2819 977 2866 und
999 2817 1136 2867 Mensohen

72 2905 161 2938 sa--.
189 2887 260 2936 Auch
282 2883 367 2936 dieaer'
383 2886 444 2936 Satn
465 2887 499 2937 ist
519 2887 577 2936 echt
630 2887 814 2952 gemeinsamen
827 2886 992 2951 summm
1006 2885 1046 2935 cin
1060 2884 1136 2934 Lich-

72 2955 181 3006 Stcisch.
206 2953 263 3017 vgl.
278 2953 327 3004 Cic.
346 2954 376 3003 tle
390 2953 462 3004 Finn.
481 2953 521 3020 111,
534 2953 576 3017 20,
629 2957 753 3018 lingssatz
765 2957 811 3005 der
823 2954 937 3019 scotice,
951 2955 1001 3003 und
1013 2953 1077 3002 wind
1088 2969 1136 3002 un·

72 3022 112 3074 67.
133 3023 164 3072 dc
174 3021 246 3072 Offic.
260 3020 279 3084 1,
292 3021 313 3086 t,
327 3021 368 3072 22.
388 3024 419 3073 de
429 3022 505 3086 Legg.
519 3021 537 3085 Ι,
552 3021 575 3084 8,
631 3023 728 3073 cndlich
738 3023 776 3073 cit
784 3022 940 3072 wiederholt.
960 3022 986 3070 S.
997 3022 1135 3071 besonders

72 3091 113 3140 25.
137 3111 138 3114 ¹
150 3091 220 3140 Auch
243 3089 340 3140 Plinius
346 3093 356 3155 ,'
381 3090 494 3153 ohgieich
517 3090 576 3140 hein
629 3091 707 3140 Anius
719 3091 759 3140 hei
769 3090 861 3140 Euseh.
872 3105 911 3156 pr.
921 3105 1010 3153 evang.
1021 3089 1080 3152 XV,
1092 3089 1141 3157 152,

73 3157 190 3224 Stoiken,
211 3165 269 3220 sugt
288 3157 318 3208 H.
336 3155 367 3207 N.
386 3158 430 3210 Vli
451 3173 575 3224 prooem:
631 3153 646 3207 ὁ
669 3153 776 3228 κόσμος
797 3159 884 3210 οἱονεὶ
904 3152 987 3214 πόλις
1010 3157 1086 3207 ἐστὶν
1106 3154 1136 3206 ἐκ

71 3227 187 3278 Hmnim'e
203 3240 296 3275 emessa
311 3225 413 3276 sedetur
424 3225 577 3277 cutuotauta'c
630 3227 706 3277 θεῶν
723 3227 768 3275 καὶ
787 3220 961 3296 ἀνθρώπων,
983 3226 1040 3274 τῶν
1059 3224 1136 3272 θεῶν

70 3295 194 3360 μηνίειν
216 3299 325 3356 notura,
351 3295 400 3344 und
423 3295 469 3344 der
493 3294 577 3344 Christ
629 3293 683 3363 μὲν
696 3289 747 3359 τὴν
759 3289 914 3363 ἡγεμονίαν
929 3286 1064 3358 ἐχόντων,
1080 3291 1135 3338 τῶν

72 3361 282 3412 Laetantdelca
299 3361 339 3411 dei
358 3377 379 3411 c.
395 3361 438 3410 14:
460 3377 522 3413 cera
538 3365 578 3413 oct
631 3357 659 3412 δ’
692 3357 854 3430 ἀνθρώπων
886 3357 1134 3434 ὑποτεταγμὶένανν·

72 3432 201 3480 saumata
210 3427 368 3494 Stoicorum,
378 3431 430 3495 qui
444 3433 519 3481 meoet
532 3446 577 3480 no-
631 3433 780 3480 κοινωνίαν
797 3423 824 3477 ‹t’
845 3421 983 3504 ὑντιίρχειν
1000 3438 1072 3489 προς
1084 3422 1133 3499 αξ,-

73 3503 130 3548 atra
141 3514 234 3548 emessa
249 3497 374 3548 meandum
390 3514 447 3548 cccc
458 3503 576 3548 constru-
631 3495 729 3561 λήλους
742 3491 790 3544 διὰ
802 3489 833 3542 τὸ
845 3493 932 3559 λογον
946 3491 1095 3559 permeatus
1104 3503 1134 3542 ος

74 3571 156 3618 oum:
175 3567 356 3630 cruciamine,
371 3567 464 3631 umbus
476 3571 577 3616 constat
629 3564 689 3614 ἐστι
697 3557 781 3678 piosa
790 3556 884 3625 νόμος.
897 3558 1011 3621 vgl.cic.
1018 3557 1133 3620 chegg.

73 3635 201 3697 νιιιηιίνε,Ι
218 3634 253 3684 ud
267 3633 402 3683 'teutatem
413 3634 523 3684 heaninic
533 3649 576 3683 uo·
629 3631 649 3693 1,
661 3633 685 3691 7,
717 3630 739 3678 3.
754 3629 784 3677 dc
794 3627 867 3677 Finn.
877 3625 916 3690 ill,
929 3626 967 3687 19,
978 3625 1018 3674 64.
1041 3623 1067 3674 in
1077 3625 1133 3674 (iem

75 3703 234 3752 commodata
250 3706 325 3763 aunt,
340 3715 462 3764 wogegen
479 3702 576 3752 Seneca
629 3696 839 3748 Herculanischen
856 3694 1008 3756 Fragmente
1025 3694 1073 3744 col.
1091 3692 1132 3758 lv,

74 3769 253 3822 hescheidenec
264 3769 314 3818 und
326 3769 484 3820 christlichen
495 3771 525 3818 de
535 3767 575 3818 lna
629 3765 661 3814 22
671 3764 735 3813 wind
747 3779 776 3812 ec
786 3763 934 3812 numentiich
945 3763 1000 3812 dem
1012 3761 1133 3828 Chrysip-

74 3836 102 3899 lt,
122 3837 167 3888 27:
190 3839 267 3888 utente
290 3853 337 3887 coa
348 3839 529 3905 conspicimus,
553 3839 578 3886 ei
629 3847 684 3898 pus,
696 3832 729 3880 im
738 3832 831 3881 dritten
841 3831 868 3880 B.
881 3831 947 3901 περὶ
957 3825 1076 3901 φύσεως,
1088 3845 1133 3878 zn-

75 3905 147 3971 digni
160 3909 235 3956 netis
251 3905 378 3972 uidemur,
392 3909 501 3972 propter
512 3921 575 3970 quos
629 3899 800 3964 gesehniehen.
989 3919 991 3926 ¹

884 3982 934 4033 12*
