2646 4334
189 280 230 344 36
542 280 586 330 ΒΕ
603 277 740 331 NATURA
757 277 896 332 lllllllllllll

229 426 305 494 rra!
321 433 422 505 datm,
434 431 626 513 poptddra'aaa
640 436 783 506 maiam,
803 435 932 494 dotatam
947 431 1171 494 adolescentium

26 585 28 593 ,
231 519 335 588 oldam,
347 519 474 599 postulo,
489 519 615 591 obsecro,
631 537 693 590 oro,
706 517 793 597 ploro
808 527 891 596 atque
905 517 1030 597 imploro
1046 517 1150 596 fidem:

46 587 68 662 f
187 619 250 664 non
264 603 409 664 levissima
426 603 517 676 dere,
533 613 565 664 ut
579 587 728 682 quieritur
743 602 797 676 ille,

388 691 548 750 incivitate
562 689 630 768 pleat
642 691 780 768 sociaoro
792 685 944 766 capitolio:

3 825 32 854 .,
289 773 434 848 <edomito
449 783 565 834 amante
579 783 732 852 arpentum
747 775 876 851 accipere
890 774 1032 832 mereator
1045 771 1157 843 aevom

136 865 168 916 14
189 859 255 930 sed,
282 869 316 920 ut
336 859 445 930 adstat,
472 869 655 937 copaorcoat,
683 858 931 928 animadverterat,
955 856 1024 935 qaid
1044 856 1080 916 de
1099 855 1256 934 religione,

186 943 303 1024 pietate,
318 944 476 1015 sanctitate,
492 942 686 1014 caerimoniis,
703 941 770 1015 lide,
785 940 980 1013 iureiurando,
991 940 1060 1020 quid
1072 941 1109 1001 de
1120 938 1253 1020 templis,

188 1028 317 1090 delubris
337 1028 543 1106 sacrificiisque
563 1027 768 1099 sollemnibuS,
788 1026 857 1105 quid
877 1025 912 1084 de
927 1025 999 1104 ipsis
1014 1026 1168 1113 auspiciis,
1184 1027 1254 1108 qui-

186 1113 243 1175 bus
268 1131 324 1172 nos
351 1130 540 1190 praesumus,
567 1110 794 1172 existimandum
821 1111 868 1172 sit.
900 1110 976 1170 Haec
995 1111 1074 1171 enim
1095 1110 1196 1170 omnia
1215 1113 1254 1172 ad

186 1197 264 1258 banc
278 1197 314 1256 de
329 1197 384 1257 diis
398 1195 613 1256 immortalibus
629 1196 832 1274 quaestionem
844 1195 997 1256 reserenda
1010 1200 1088 1256 su'nt
1112 1195 1253 1257 Prolecto
1322 1200 1323 1259 ζ

187 1299 240 1341 eos
255 1281 352 1359 ipsos,
368 1281 417 1360 qui
433 1299 465 1340 se
480 1280 585 1359 aliquid
603 1280 674 1340 certi
690 1281 795 1341 babere
810 1279 994 1353 arbitrantur,
1011 1279 1181 1342 addubitare
1198 1301 1254 1341 co·
1322 1276 1323 1279 ’

188 1373 235 1444 get
261 1364 500 1426 doctissimorum
531 1365 684 1425 bominum
716 1367 752 1426 de
778 1364 903 1425 maxima
928 1383 960 1425 re
986 1374 1065 1425 tanta
1092 1364 1252 1426 dissensio.

137 1455 167 1506 15
188 1450 273 1523 Quod
295 1469 384 1528 quum
406 1469 493 1528 saepe
512 1450 594 1524 aliaS,
614 1459 677 1510 tam
697 1450 822 1510 maxime
842 1449 1044 1521 animadverti,
1064 1468 1155 1528 quum
1173 1452 1254 1529 apud

188 1535 219 1596 C.
236 1535 365 1605 Cottam,
386 1535 555 1596 familiarem
572 1555 685 1610 meum,
700 1543 831 1596 accurate
846 1553 916 1596 sane
931 1541 959 1596 et
974 1534 1126 1611 diligenter
1141 1535 1179 1596 de
1194 1535 1253 1596 diis

187 1619 402 1681 immortalibus
422 1621 603 1699 disputatum
624 1628 677 1681 est.
707 1620 782 1680 lllam
802 1637 893 1700 quum
910 1619 988 1680 seriis
1003 1618 1114 1678 Latinis
1129 1619 1165 1679 ad
1182 1639 1253 1680 eum

187 1705 282 1785 ipsius
301 1714 405 1784 rogatu
425 1705 624 1787 arcessituque
645 1707 807 1778 venissem,
831 1703 938 1764 offendi
959 1723 1026 1764 eum
1046 1703 1199 1764 sedentem
1219 1704 1254 1764 in

188 1791 314 1852 exhedra
334 1799 362 1851 et
382 1811 448 1853 cum
469 1791 498 1852 C.
515 1791 621 1864 Velleio
643 1797 778 1852 senatore
798 1789 1010 1866 disputantem,
1031 1788 1065 1848 ad
1082 1807 1170 1866 quem
1186 1797 1254 1850 tum

186 1875 323 1954 Epicurei
343 1876 454 1954 primas
469 1896 503 1936 er
519 1875 629 1936 nostris
644 1874 816 1935 bominibus
831 1872 1007 1934 deserebant.
1036 1872 1145 1934 Aderat
1161 1874 1254 1934 etiam

188 1960 223 2032 Q.
239 1960 367 2020 Lucilius
382 1960 503 2032 Balbus,
524 1959 573 2038 qui
589 1966 687 2018 tantos
703 1975 879 2036 progressus
895 1957 1018 2018 babebat
1032 1958 1063 2017 in
1078 1951 1203 2034 Stoicis,
1220 1966 1254 2018 ut

127 2110 131 2117 ,
188 2061 256 2104 cum
276 2042 479 2102 excellentibus
495 2043 525 2102 ia
541 2062 577 2102 eo
593 2059 699 2121 genere
714 2041 832 2103 Graecis
853 2049 1081 2120 compararetur.
1114 2041 1202 2118 Tum,
1218 2050 1254 2103 ut

187 2226 315 2289 gelreebtc
340 2225 496 2275 trocbiiiscbe
517 2225 690 2276 Tetraroetcr:
745 2225 826 2289 Tage,
844 2226 964 2276 wibrend
976 2226 1088 2275 welcber
1105 2226 1253 2278 distillent-

188 2293 304 2343 desselbe
321 2291 391 2344 Mass
409 2292 487 2342 baben
505 2295 568 2343 obnc
583 2291 691 2343 chilol
744 2294 825 2344 liebca
836 2292 1253 2357 Goscatbemateamndstaats-

187 2361 250 2410 auch
266 2361 307 2410 die
324 2360 412 2410 beiden
428 2361 522 2410 andern
535 2362 639 2425 gebabt;
662 2377 691 2412 cs
744 2361 849 2410 miiaoer
860 2359 1029 2410 daberblusse
1040 2360 1135 2423 battoa,
1146 2362 1255 2412 sicbauf

188 2428 224 2479 ist
242 2429 305 2478 aber
325 2429 384 2492 bior,
406 2429 444 2478 sei
462 2443 490 2478 es
508 2430 584 2479 durcb
602 2429 691 2479 Cicero
745 2430 814 2479 ibren
828 2428 979 2478 Landsitzea
992 2442 1024 2476 zu
1038 2427 1151 2478 erbolen.

189 2495 277 2557 selbst,
290 2496 327 2546 sel
339 2510 367 2544 es
378 2495 455 2546 drrrcb
466 2497 506 2546 die
515 2495 691 2562 Abscbreiber,
779 2495 905 2560 catedra,
923 2495 961 2545 cio
975 2494 1140 2558 geriiomiger,
1157 2498 1252 2548 erb'o'b-

188 2568 312 2616 zerstb‘rt.
564 2609 566 2616 .
746 2572 787 2616 tor
807 2564 879 2625 Saul,
905 2565 995 2613 descen
1020 2562 1091 2612 beidc
1112 2563 1200 2614 Endon
1225 2566 1250 2615 ia

111 2627 116 2638 '
225 2633 265 2684 14.
283 2634 413 2702 auspiciis,
426 2635 577 2700 qadbusaoe
617 2649 693 2686 aerae
746 2634 818 2684 elaea
833 2632 964 2682 llalblrreis
980 2629 1103 2680 ansliclen
1121 2631 1253 2682 miteincr
1320 2689 1321 2710 Χ

187 2719 255 2754 artur.
279 2703 367 2752 Cicero
380 2717 434 2752 war
451 2703 500 2752 seit
511 2703 567 2752 dem
595 2740 601 2752 .
615 2704 639 2752 d.
653 2702 691 2752 st
745 2715 776 2751 ao
794 2704 840 2752 der
853 2700 935 2751 Wand
946 2699 1166 2750 amberlaulendea
1181 2701 1254 2750 Baak

189 2771 252 2832 tte,
268 2771 323 2820 dom
336 2770 378 2819 54.
390 2772 474 2820 seinos
487 2771 586 2830 Alters,
606 2771 630 2820 ia
647 2772 692 2822 das
745 2785 801 2820 anan
819 2770 919 2833 Siteon,
941 2769 966 2817 ia
986 2768 1042 2815 dem
1059 2781 1114 2816 maa
1132 2767 1185 2816 siclt
1205 2783 1254 2818 aar

188 2836 327 2899 Collegium
340 2839 386 2886 der
397 2839 500 2900 Augure
513 2839 632 2905 cooptirt.
656 2839 692 2889 lle
746 2837 930 2896 Uoterbaltuag
941 2834 1126 2884 versammclte.
1151 2835 1178 2884 S.
1196 2835 1253 2886 Μι-

188 2903 236 2966 gab
256 2906 317 2952 aueb
339 2905 395 2953 eino
413 2904 508 2954 Scbailt
525 2923 574 2956 von
595 2907 644 2956 ibn
661 2905 693 2956 de
746 2908 801 2954 zois
812 2906 858 2954 der
870 2903 956 2952 Palast
968 2902 1012 2951 das
1025 2901 1147 2962 Scaurus,
1163 2903 1252 2954 iiber-s.

187 2970 378 3034 Alcmene
390 2972 556 3022 vermntblicli
571 2975 631 3023 nacla
643 2974 691 3022 den
746 2987 794 3022 voa
809 2971 983 3020 Wiisternaan.
1006 2969 1032 3020 S.
1053 2969 1101 3020 119
1122 2971 1172 3019 uad
1192 2970 1252 3021 126.

188 3037 216 3086 Β.
229 3035 402 3088 denotdeor.
413 3054 438 3086 u.
448 3037 571 3089 aaaron.
582 3041 694 3090 verlasst
712 3099 716 3107 ι
745 3067 780 3076 -
797 3039 843 3088 llic
861 3037 1033 3101 Beaeicbnung
1050 3038 1096 3088 der
1113 3037 1252 3105 lateraspi-

188 3117 251 3153 war.
279 3103 305 3154 S.
328 3103 369 3153 die
385 3105 535 3166 Fragments
552 3107 591 3156 bei
611 3106 693 3158 Orelli
746 3105 841 3170 ration,
863 3105 902 3154 die
924 3106 978 3155 bier
999 3107 1040 3155 die
1057 3105 1252 3156 llaadscbristea

78 3169 83 3174 ’
188 3169 367 3237 lv,2p.tts.
746 3174 796 3223 alle
817 3173 959 3233 darbieten‚
981 3173 1097 3223 wardia
1118 3173 1252 3224 libralis-bea

227 3239 266 3290 15.
283 3239 367 3303 seroie
387 3238 497 3290 Latinis.
538 3240 589 3290 llas
610 3243 692 3292 nralte
747 3240 1048 3305 Zasammeasetaoagea,
1076 3241 1125 3290 wie
1150 3239 1251 3306 ἰξέσίη,
1316 3287 1319 3300 ,

189 3307 342 3358 Bnadesl'cst
357 3307 404 3356 der
420 3307 579 3358 Latiniscben
598 3307 694 3358 Vlilker
747 3307 829 3360 dilue
845 3325 870 3358 n.
883 3309 933 3372 dgl.
947 3325 995 3360 von
1009 3311 1056 3358 dea
1070 3307 1252 3360 Griecbicebcn

189 3375 294 3438 werde,
324 3376 385 3425 aucb
414 3375 533 3425 aaebdem
555 3377 602 3426 der
625 3369 693 3426 baad
747 3375 1023 3428 Grammatilrerawobl
1036 3378 1252 3441 aurdaaaange·

190 3444 275 3508 lbagst
294 3442 427 3507 autgebb'rt
446 3445 527 3501 batte,
549 3443 691 3506 allidbrlieb
747 3445 844 3504 wandt,
856 3459 928 3494 wear
942 3460 970 3494 ea
983 3443 1071 3497 darant
1082 3445 1179 3506 aulam,
1192 3447 1251 3496 eine

190 3510 237 3562 ool
253 3513 308 3562 dem
329 3511 497 3562 Albaniscbcn
517 3511 596 3575 Berge
617 3519 694 3562 nater
747 3512 915 3564 zwetlellialbc
940 3513 1098 3579 Etymologie
1122 3513 1251 3564 lenatlicla

190 3580 246 3628 dem
256 3579 359 3629 Vorsitz
371 3581 417 3630 der
426 3579 571 3630 ltbmlscban
582 3580 692 3630 Consule
747 3595 778 3631 zu
791 3582 900 3630 rnaabea.
924 3580 981 3644 vgl.
994 3580 1074 3630 Lebrs
1092 3581 1123 3630 de
1136 3579 1251 3632 Aristar-

190 3646 326 3708 bcgangea.
368 3647 403 3697 ns
425 3661 479 3698 war
500 3662 532 3698 aa
553 3648 627 3698 boiae
648 3648 691 3698 be·
747 3650 785 3700 cbi
809 3649 875 3698 stud.
894 3647 963 3698 llam.
981 3646 1075 3714 palo.
1101 3648 1146 3698 Die
1163 3647 1251 3699 Latoi-

190 3714 300 3763 stimme
325 3713 382 3764 aaa
410 3715 553 3778 gebuadea,
583 3717 692 3766 scaelera
748 3718 832 3766 alscbc
850 3716 1006 3779 Sebrcibung
1026 3715 1125 3765 solcber
1142 3715 1250 3767 Wiirtor

189 3781 277 3830 warde
298 3795 348 3830 voa
372 3783 418 3832 deo
438 3783 549 3834 Coasala
568 3785 693 3848 jedcsmal
747 3785 960 3836 istscbwnakead
973 3785 1022 3833 uad
1035 3784 1164 3845 ansleicb,
1181 3799 1251 3834 wor-

189 3849 337 3900 antemnam
371 3850 477 3913 (sorece
504 3853 691 3970 cormerico).
748 3852 811 3902 iiber
829 3868 861 3902 zu
879 3853 930 3916 agl.
944 3851 1081 3902 Schneider
1091 3851 1251 3902 Elementar-

191 3917 237 3970 uie
250 3916 333 3967 Deuer
344 3930 399 3967 war
409 3917 433 3966 ia
447 3915 556 3968 Giecm'e
570 3919 578 3937 '
592 3921 627 3971 cit
639 3919 695 3970 aior
747 3919 819 3971 lebre
831 3920 840 3970 l
853 3920 879 3970 S.
897 3918 953 3970 lll2.
