2622 4326
194 251 254 322 lto
538 258 582 310 nn
600 255 893 312 unrumnnonuu

191 411 338 492 appellati:
357 411 436 489 qnod
456 427 565 472 nomen
583 411 677 491 patuit
695 417 798 492 postea
817 409 911 472 lntius.
946 408 1003 482 Qui
1023 415 1122 470 autem
1147 409 1255 484 omnia,

192 515 265 576 quae
289 496 326 558 ed
352 495 462 556 cultum
488 496 611 557 deorum
633 496 825 576 pertinerent,
848 493 999 573 diligenter
1019 501 1213 556 retractarent
1230 505 1256 556 et

191 589 341 660 tamquam
356 580 528 658 relegerent,
549 589 619 642 sunt
634 579 702 643 dicti
714 580 843 660 religiosi
857 597 893 640 err
906 579 1072 659 relegendo,
1090 587 1126 640 ut
1139 580 1254 659 elegun-

194 674 236 727 tes
256 685 291 726 err
309 664 455 744 eligendo,
475 665 604 744 itemque
623 685 657 726 ex
673 665 818 746 diligendo
833 664 998 744 diligentes,
1013 683 1053 724 er
1069 664 1253 744 mtelligetrdo

192 750 395 830 intelligentes.
425 749 479 810 llis
499 749 577 810 enim
596 751 627 811 in
646 751 742 812 verbis
765 750 902 811 omnihus
922 749 998 810 inest
1016 749 1060 810 vis
1075 749 1192 827 legendi
1207 769 1253 811 eu·
1294 823 1295 836 χ

193 836 260 896 dem
287 852 362 914 quae
381 835 412 895 in
431 834 578 912 religioso.
608 836 651 896 lta
670 837 778 897 lactum
797 843 842 896 est
861 834 893 896 in
913 833 1120 914 superstitioso
1141 841 1171 896 et
1188 835 1252 896 reli·

192 921 277 998 gioso
298 920 425 982 alterurn„
434 919 496 980 vitii
511 937 632 993 nomen,
648 921 769 1004 alterum
783 919 885 980 laudis.
914 919 957 980 Ac
971 918 1043 980 mihi
1056 918 1160 981 uideor
1174 920 1252 992 satis,

133 1003 175 1066 29
193 1013 222 1066 et
243 1023 308 1066 esse
328 1004 399 1065 deos
420 1011 449 1064 et
468 1005 566 1083 quales
586 1013 699 1088 essent,
720 1003 894 1066 ostendisse.
909 1037 952 1048 -
966 1003 1144 1066 Proximum
1162 1013 1252 1066 estut

140 1089 316 1151 reluceant
348 1090 473 1150 deorum
502 1088 683 1167 providentia
712 1090 858 1151 mundum
884 1087 1091 1150 administrari.
1131 1089 1249 1168 Magnus

194 1191 263 1236 sune
282 1175 364 1234 locus
383 1180 412 1232 et
433 1193 449 1234 a
468 1174 585 1247 vestris,
611 1174 707 1248 Cotta,
731 1183 861 1249 rexatus3
887 1191 920 1234 ac
938 1173 1081 1234 nimirum
1100 1173 1250 1236 vobiscum

194 1275 283 1318 omne
297 1263 444 1318 certamen
460 1266 512 1318 est.
535 1257 610 1319 Nam
621 1258 718 1330 vobis,
734 1257 832 1330 Vehei,
847 1258 945 1318 minus
958 1265 1066 1318 notum
1077 1265 1132 1331 est,
1150 1277 1248 1338 quem-

195 1340 356 1402 admodum
383 1339 511 1421 quidque
533 1342 653 1404 dicatur.
683 1343 785 1404 Vestra
805 1342 884 1404 enim
904 1343 1001 1404 solum
1021 1343 1132 1420 legitis,
1157 1350 1249 1405 vestra

194 1426 313 1498 amalis,
331 1433 444 1487 eeteros
464 1445 568 1490 caussa
588 1427 735 1508 incognite
755 1427 966 1489 condemnatis.
996 1427 1080 1488 Velut
1099 1445 1116 1488 a
1137 1435 1166 1489 te
1186 1428 1247 1508 ipso

193 1511 340 1574 hesterno·
351 1510 398 1571 die
420 1512 531 1573 dictum
550 1521 595 1574 est
613 1531 702 1574 onum
717 1512 860 1574 fatidicam
876 1506 1038 1595 πρόνοιαν
1052 1531 1068 1572 a
1084 1511 1193 1573 Stoicis
1207 1513 1248 1573 in·

194 1596 274 1669 duci,
294 1596 388 1657 id‘est
406 1598 628 1676 providentiam.
663 1597 749 1670 Quod
770 1615 804 1658 eo
821 1615 920 1658 errore
935 1596 1045 1670 dixisti,
1068 1597 1139 1676 quia
1153 1598 1248 1659 existi-

194 1701 258 1744 mas
278 1682 314 1743 eb
331 1683 378 1744 his
393 1683 604 1763 providentiam
621 1682 690 1761 fingi
706 1682 789 1762 quasi
805 1684 951 1761 quandam
965 1682 1049 1743 deam
1064 1681 1247 1761 singularem,

194 1786 267 1846 quae
282 1767 427 1829 mundum
443 1787 561 1828 omnem
576 1767 719 1846 gubernet
733 1775 761 1828 et
775 1776 868 1844 regat:
885 1767 936 1827 sed
950 1766 980 1826 id
995 1765 1128 1844 praecise
1140 1766 1247 1828 dicitur.

141 1858 173 1908 'lt
194 1850 245 1926 U't,
265 1852 291 1913 si
307 1852 372 1931 quis
388 1853 476 1926 dicet,
490 1853 712 1914 Atheniensium
726 1851 938 1932 rempublicam
952 1849 1072 1912 oonsilio
1087 1851 1165 1930 regi,
1181 1850 1249 1912 desit

193 1937 262 1998 illud
277 1937 434 2016 Areopagi:
455 1937 507 2010 sic,
523 1958 613 2018 quum
630 1937 753 2000 dicimus
769 1935 951 2016 providentia
965 1936 1111 1997 mundum
1127 1936 1247 1997 mmini-

195 2021 290 2093 streri,
306 2022 408 2082 deesse
423 2022 579 2082 arbitrator
593 2025 729 2096 deorum
745 2024 830 2102 plene
845 2030 941 2083 autem
958 2029 986 2082 et
1001 2023 1129 2104 perfecte
1144 2021 1187 2082 sic
1198 2019 1248 2082 dici

194 2105 366 2177 existimato,
382 2105 564 2182 providentia
579 2106 702 2169 deorum
717 2108 860 2169 mundum
876 2105 1150 2238 administrarihlta
1165 2107 1248 2167 salem

194 2277 376 2334 vorgetregene
386 2271 523 2334 Ahleitung
534 2272 579 2323 der
590 2273 695 2326 Wortes
749 2275 834 2338 liingst
849 2291 899 2325 von
916 2274 1087 2338 Einsichtigen
1105 2274 1247 2339 anerhannt,

194 2353 241 2402 gar
256 2337 329 2388 keine
345 2339 490 2402 beuchtung
510 2341 640 2406 verdiene,
662 2343 697 2394 ist
750 2341 832 2394 zumul
848 2357 920 2392 wenn
940 2357 997 2392 man
1018 2343 1124 2406 erwiigt,
1146 2343 1204 2394 dass
1223 2357 1247 2391 ee

194 2406 261 2456 hier:
284 2407 345 2456 aher
361 2407 537 2470 ehensowenig
549 2408 696 2460 heachtens-
750 2409 791 2462 l'rir
806 2410 890 2476 ligore
906 2409 962 2460 eine
979 2411 1060 2460 dltere
1077 2409 1155 2461 Fortu
1174 2408 1248 2476 lr'gire

193 2475 275 2526 werth
296 2476 350 2525 sind
371 2475 421 2525 elle
441 2476 535 2524 andern
555 2491 604 2526 von
621 2477 696 2528 Alten
749 2478 862 2543 gegeben
874 2478 953 2528 huben
966 2479 1037 2528 wird.

194 2544 242 2592 und
261 2542 377 2594 Nenercn
400 2541 509 2592 deriiher
530 2541 701 2608 vorgehrach-'
783 2559 837 2620 29·
855 2567 897 2620 73·
916 2568 1013 2620 dietum
1025 2573 1073 2619 ωε,
1097 2568 1123 2619 s·
1135 2568 1160 2634 1,
1175 2568 1199 2633 g,
1213 2567 1247 2618 13,

132 2687 137 2701 .
155 2651 163 2656 .
193 2618 236 2692 ten
249 2611 399 2692 hleinungen
417 2611 462 2662 mit
473 2609 615 2692 Ausaahme
631 2615 696 2664 viel·
752 2636 834 2690 Hebe,
845 2639 965 2689 gesimo
978 2636 1019 2688 di„
1033 2637 1085 2701 νει·
1100 2637 1149 2694 m
1167 2637 1193 2687 5ss
1209 2637 1248 2687 de,

193 2679 269 2729 lercht
278 2680 323 2729 der
332 2696 404 2730 emen
414 2695 464 2729 von
474 2679 497 2729 J.
505 2679 606 2745 Grrmm‚
617 2682 696 2731 Deut-
750 2704 895 2768 Einleitung
906 2705 932 2755 s·
945 2704 978 2754 20
991 2703 1110 2769 Gemma·

194 2747 252 2796 sebe
264 2747 370 2814 Mythol.
384 2747 405 2797 ll
418 2747 444 2798 S.
457 2747 533 2798 1059:
553 2751 697 2817 ,‚supercii·

184 2817 237 2876 ..tio‚
250 2829 296 2864 aus
308 2820 447 2883 superstes,
462 2816 608 2866 bezeichnet
619 2817 659 2865 ein
671 2817 696 2865 in
782 2798 899 2913 [sam
913 2795 1019 2846 didm*
1038 2834 1054 2856 n
1062 2811 1091 2844 0⁸
1108 2797 1143 2846 ¹⁸²
1156 2796 1196 2877 ‚⁰¹¹¹
1208 2796 1249 2847 lb·

194 2880 324 2930 einzelnen
353 2883 489 2932 Mcnschen
518 2883 697 2933 fortheste-
750 2878 781 2927 ὅθ
800 2863 1062 2927 ”mmmmm
1079 2863 1249 2915 W⁰b⁰¹⁰tw⁸⁸

193 2947 306 2995 gendes
327 2945 507 2998 verbam„
528 2951 568 3000 bei
588 2950 696 3000 Ansich,
749 2931 963 2994 weggeschnitten
980 2930 1014 2981 ist
1025 2945 1079 2980 was
1095 2945 1153 2982 man
1167 2933 1250 3011 hinzu-

193 3019 249 3074 ten,
267 3014 362 3062 welche
377 3015 417 3062 die
430 3013 559 3066 Mehrzahl
573 3019 618 3067 der
630 3016 696 3067 Ver·
750 2998 847 3048 deflken
864 3013 941 3048 mm·
957 2997 1026 3081 .th
1042 2999 1073 3048 “d
1090 2999 1249 3082 Herennzwst

193 3079 323 3142 stiindigen
336 3079 424 3130 lahren
436 3082 528 3130 liisst.“
750 3063 793 3144 3⁰3
812 3064 856 3113 3¹²
872 3081 998 3132 pr⁰⁰⁰²⁸¹⁰
1016 3070 1057 3117 ‘³⁸¹
1071 3083 1163 3133 imme
1180 3067 1250 3119 Μ’

226 3147 342 3212 regem
356 3163 373 3196 a
387 3147 531 3212 rangono.
557 3149 583 3200 s.
597 3166 627 3200 zu
639 3149 658 3214 ι,
673 3152 695 3217 2,
749 3132 1251 3218 odedumrdiruwerflb'zuuiwrd·

192 3215 216 3265 3.
236 3215 347 3265 berron
359 3213 456 3264 Gellius
466 3214 507 3279 lV,
519 3216 535 3265 9
546 3216 695 3280 angeliihrtc
749 3201 868 3250 “mium
878 3217 907 3268 ‘il
918 3201 1045 3254 mm
1055 3203 1160 3254 ‘udm-

191 3284 271 3337 Vere:
289 3283 442 3348 redigentem
454 3288 556 3351 oportet
571 3301 638 3352 eece,
655 3303 696 3338 ro·
784 3291 824 3342 74.
843 3294 985 3362 Areopagi.
1018 3291 1045 3342 ln
1065 3292 1180 3346 Cicero’e
1197 3295 1251 3345 Zeit

191 3353 313 3420 legeorum
330 3351 418 3418 nutias,
441 3351 500 3401 darf
512 3352 581 3402 nicht
597 3353 635 3403 als
650 3354 694 3403 he·
749 3360 818 3410 hatte
835 3361 881 3409 der
897 3360 1025 3427 Areopng,
1043 3355 1250 3426 als'suetsratl,

192 3421 304 3480 weisend
322 3419 363 3470 l'rir
380 3421 419 3470 die
435 3437 484 3471 von
497 3419 548 3470 Cic.
565 3420 694 3485 gebilligte
748 3427 821 3477 einen
834 3427 1250 3494 weitgrdsserenWirlrungslrreis

190 3488 326 3552 Ableitung
338 3489 465 3551 angesehn
481 3489 594 3553 werden,
612 3490 642 3538 da
654 3505 695 3540 rc·
748 3495 799 3544 und
815 3495 1017 3546 bedentenderen
1030 3496 1140 3548 uinuuss
1157 3498 1205 3549 aul
1213 3499 1250 3548 die

190 3554 272 3632 lr'greur
285 3556 342 3606 lein
355 3555 569 3622 sprechiihliches,
585 3556 694 3607 sondcrn
748 3560 1056 3627 Steatsangelegenheiten
1081 3565 1122 3615 als
1151 3566 1179 3616 in
1208 3568 1252 3616 der

192 3635 232 3698 ern
254 3637 302 3671 nur
323 3623 386 3672 chen
407 3625 484 3687 jener
503 3624 639 3688 Ahleitung
662 3641 694 3673 zu
747 3628 889 3679 bliitlrezeit
908 3631 1019 3693 Athens,
1039 3647 1079 3682 wo
1101 3633 1250 3684 numentlich

191 3686 269 3736 brebe
289 3704 337 3738 von
359 3691 414 3740 dem
430 3692 534 3742 Dichter
551 3692 632 3742 selhst
648 3707 693 3756 ge-
748 3695 798 3745 seit
810 3694 924 3747 Perihles
942 3699 1012 3749 scine
1029 3700 1178 3764 Redcutnng
1193 3701 1252 3751 sehr

190 3755 301 3804 macutes
314 3755 392 3804 Wort
409 3758 450 3807 ist
474 3759 538 3809 Dese
551 3759 694 3809 derAblei-
748 3760 901 3813 heschrdnkt
920 3779 982 3815 war.
1020 3766 1078 3828 Vgl.
1099 3767 1201 3818 Ahreus
1222 3769 1252 3817 de

191 3828 252 3883 tung
269 3824 319 3869 von
335 3821 446 3884 relegare
461 3825 534 3875 keine
550 3827 694 3888 grammati·
747 3829 839 3878 Athen.
857 3837 925 3882 statu
942 3833 999 3882 inde
1016 3834 1047 3884 ab
1063 3832 1167 3885 Achaici
1185 3835 1251 3886 foed.

192 3888 251 3938 sehe
262 3885 394 3935 Bedcuhen
407 3895 530 3950 entgegen
542 3894 642 3954 stelen,
660 3893 695 3942 ist
747 3895 821 3945 inter.
835 3895 947 3963 Gdtting.
962 3899 1026 3950 1829
1040 3901 1067 3951 S.
1080 3901 1144 3952 34u‘.
