2622 4326
49 285 63 316 Ι

446 240 507 292 ιιι.
519 240 538 291 ι.
566 222 747 296 canaaaa
972 291 982 300 „
1089 239 1134 308 'le'

66 395 153 474 piose
168 399 217 472 lut
231 395 302 456 mihi
318 396 434 476 quidem
449 396 585 456 admirari
599 396 714 470 liberet,
735 395 765 458 in
780 399 900 459 homine
915 415 981 460 esse
995 399 1129 462 Romano

66 487 177 540 tantmn
192 481 343 542 scientiam
346 483 481 577 ,)usque
494 499 511 542 a
526 480 615 542 Thale
631 481 741 542 Milesio
757 483 793 542 de
808 483 929 544 deorum
945 491 1045 546 natura
1061 485 1130 564 phi-

64 565 262 660 losophcrum
284 566 452 627 sententias.
483 565 632 626 Omnesne
650 566 702 627 tihi
717 566 756 628 illi
771 567 931 628 delirare'
905 569 959 629 vrsi
974 577 1057 640 sunt,
1079 569 1137 648 qui
1149 577 1183 630 92

63 649 128 710 sine
146 650 281 712 manibus
302 659 330 712 et
347 642 469 730 pedihus
486 659 622 713 constare
637 653 724 712 deum
740 671 831 730 posse
846 652 1056 714 decreverunt?
1086 653 1129 714 Ne

63 735 122 796 hoc
142 737 260 833 quidem
280 755 334 796 vos
354 744 451 796 movet
470 736 703 808 considerantes,
726 755 800 815 quac
823 735 862 797 sit
876 737 982 798 utilitas
999 756 1129 816 quaeque

63 821 273 900 opportunitas
293 821 323 882 iu
338 821 459 900 homine
475 822 691 896 membrorum,
711 829 743 881 ut
762 821 894 882 iudicetis
915 821 1055 896 memhris
1071 823 1127 883 hu-

61 905 163 966 manis
184 907 260 966 deos
285 923 347 965 non
366 904 472 985 egere?
502 907 577 980 Quid
598 907 675 967 enirn
696 905 819 986 pedihus
840 923 916 986 opus
937 915 980 967 est
1000 907 1063 966 sine
1082 907 1128 968 in*

60 987 192 1068 gressu?
211 990 280 1069 quid
295 989 440 1065 manibus,
457 1010 481 1051 sr
475 991 568 1053 nihil
584 992 893 1089 comprehendendum
910 990 976 1052 est?
997 991 1067 1088 quid
1081 1009 1129 1052 rc·

59 1074 143 1153 liqna
158 1075 354 1154 descriptione
370 1076 503 1138 omnium
520 1077 813 1158 corporispartium,
829 1078 931 1157 inqua
947 1075 1043 1136 nihil
1035 1094 1128 1150 inane,

59 1157 176 1219 nihil
152 1179 216 1220 sine
228 1179 342 1235 caussa,
358 1162 430 1223 nihil
445 1179 691 1240 supervacaneum
707 1159 776 1223 est?
798 1162 897 1242 ltaque
911 1162 990 1222 nulla
1001 1179 1048 1222 ars
1060 1161 1128 1222 imi·
1180 1187 1188 1196 ’κ

60 1245 119 1305 tari
140 1246 297 1306 sollertiam
316 1255 437 1308 naturae
457 1256 564 1324 potest
591 1247 712 1308 llahehit
731 1247 819 1326 igitur
837 1247 966 1325 linguam
988 1247 1074 1320 dens,
1101 1254 1129 1307 et

59 1346 124 1388 non
140 1329 289 1408 loquetur:
306 1331 376 1390 dent
364 1339 419 1403 tes,
435 1331 573 1410 palatum,
589 1333 685 1392 lauces
701 1334 811 1393 nullum
829 1333 864 1394 ad
878 1350 981 1392 usum:
997 1351 1128 1411 quaeque

60 1414 277 1491 procreationis
298 1431 402 1474 caussa
420 1422 522 1475 natura
537 1417 660 1511 corpori
680 1417 806 1489 affinxit,
817 1436 863 1476 ea
883 1417 990 1477 frustra
1010 1417 1128 1478 hahehil

53 1499 154 1578 deus3
167 1515 222 1557 nec
233 1503 351 1556 externa
363 1500 455 1576 magis
469 1516 555 1575 quam
569 1500 714 1572 interiora,
727 1519 779 1560 cor
780 1501 984 1578 ,pulmones
976 1519 1066 1573 accan,
1080 1520 1127 1560 cc-

59 1589 138 1657 tera3
160 1601 235 1661 quae
253 1579 378 1642 detracta
400 1581 503 1642 utilitat
491 1589 519 1641 te
534 1583 602 1661 quid
617 1547 725 1643 haberit
740 1548 922 1644 vedustatis‘?
942 1584 1127 1662 quandoqui-

60 1668 129 1727 dem
151 1667 224 1726 haec
243 1685 309 1726 esse
328 1665 357 1726 in
378 1667 433 1727 deo
449 1672 572 1746 propter
585 1667 830 1746 prdchrrtudmem
847 1645 942 1728 vultis.
972 1667 1127 1728 lstisncli-
1149 1677 1181 1727 93

61 1753 167 1812 dentes
186 1749 311 1811 somniis
330 1769 392 1812 non
412 1753 502 1812 modo
521 1751 686 1840 Epicurus
689 1759 717 1811 et
736 1750 921 1812 Metrodorus
942 1759 971 1812 et
990 1751 1128 1812 Hermar-

61 1837 138 1897 chus
167 1842 268 1896 contra
289 1835 499 1933 Pythagoram,
526 1821 686 1897 Platonem
694 1835 960 1915 Empedoclemque
984 1836 1127 1912 dixerunt,

62 1921 113 1982 sed
135 1921 320 1981 meretricula
340 1920 426 1982 etiam
447 1922 602 1982 Leontium
623 1930 724 1982 contra
743 1920 979 2000 Theophrastum
1002 1885 1128 1983 scriherd

62 2025 134 2066 ausa
155 2002 221 2065 est?
249 2005 321 2067 scite
342 2006 389 2066 illa
408 2005 525 2085 quidem
546 2024 683 2068 sermone
704 2013 732 2066 et
751 2005 861 2074 Attico,
883 2006 935 2066 sed
961 2014 1059 2067 tamen
1075 2039 1125 2067 -ν,

62 2090 192 2152 Tantum
208 2090 324 2168 Epicuri
345 2091 565 2153 hortus'hahuit
580 2091 720 2153 licentiae.
746 2092 784 2152 Et
799 2090 898 2152 soletis
913 2088 1017 2170 queri?
1048 2092 1125 2153 Zeno
1151 2115 1182 2126 ·“

62 2176 182 2254 quidem
208 2174 294 2236 etiam
315 2175 452 2254 litigabat.
483 2177 558 2250 Quid
580 2177 673 2238 dicam
692 2172 872 2237 Albucium?
901 2175 975 2238 Nam
991 2176 1124 2237 Phaedro

61 2342 122 2376 was
136 2298 310 2390 vergessen
323 2343 359 2377 zu
376 2327 485 2393 haben,
503 2329 573 2378 wel-

62 2397 105 2444 che
126 2395 274 2456 Bedentung
289 2385 390 2458 Madvig
410 2411 442 2444 zu
462 2395 513 2446 Cic.
534 2398 566 2446 de

61 2460 136 2512 Finn.
150 2477 174 2526 p.
188 2461 418 2512 ilerwiesenhat.

94 2529 138 2580 93.
168 2529 341 2580 Hermarchus
364 2545 409 2579 aus
433 2529 565 2596 Mitylene,

62 2597 171 2664 llpilrurs
197 2595 304 2646 Schiiler
332 2597 382 2645 und
404 2596 565 2659 Nnohlolger.

62 2665 142 2716 Unter
158 2665 247 2714 seineu
268 2679 317 2712 von
334 2663 405 2726 Diog.
424 2663 452 2712 L.
473 2664 512 2729 X,
534 2665 565 2712 25

62 2733 106 2782 aul
103 2731 238 2814 gefdhrtcn
256 2730 381 2781 Schril'tcn
399 2745 484 2780 waren
502 2703 564 2781 dm-

62 2749 200 2851 στολικὰ
188 2816 254 2880 περι
244 2793 519 2878 Ἐμπεδοκλέους
492 2815 565 2877 sexo

54 2882 87 2918 or
106 2869 154 2918 καὶ
144 2862 224 2918 toto
240 2869 291 2917 und
311 2867 366 2917 eine
385 2865 478 2916 Schrift
468 2861 566 2933 ιπρὸς

61 2931 207 2998 Πλάτωνα,
220 2937 269 2986 und
283 2936 367 2985 seiher
379 2933 474 2984 Schrilt
486 2949 565 2998 gesen

61 2975 230 3070 Ppthagords,
248 3003 394 3053 namectlich
409 3002 565 3052 hinsichtlich

62 3073 106 3121 der
116 3073 270 3135 Enthaltang
282 3087 329 3120 νοιι
340 3071 489 3121 thierlschar
498 3068 566 3120 Nah-

62 3155 134 3272 apag,
157 3139 267 3203 gedcnlrt
283 3139 405 3206 Porphyr
424 3139 454 3187 de
474 3137 564 3188 ahstia.

94 3275 239 3326 temanum.
254 3269 358 3340 Ἀττικὴ
377 3271 473 3343 ἑταίρα
485 3274 566 3323 heisst

62 3344 97 3393 sie
109 3344 150 3393 hei
162 3343 234 3406 Diog.
244 3342 272 3392 L.
287 3343 319 3407 X,
333 3341 364 3392 23
376 3342 425 3391 und
439 3335 564 3406 natinari

61 3412 80 3460 11
83 3411 179 3477 pikurs.
198 3411 245 3460 Eia
255 3425 315 3476 paar
326 3409 417 3459 Worte
427 3423 472 3458 uus
483 3409 564 3458 einem

61 3479 142 3530 llriele
165 3479 298 3530 desselben
315 3494 345 3528 an
364 3478 400 3527 sie
424 3478 512 3526 stehen
530 3477 562 3527 ih

61 3547 84 3612 ξ.
98 3549 126 3609 5,
143 3547 194 3596 and
210 3547 280 3595 eines
297 3545 434 3595 Bildnisses
451 3546 497 3594 der
513 3545 563 3594 Le-

62 3615 144 3665 ontion
163 3615 209 3664 mit
225 3614 271 3663 der
282 3613 365 3663 Miene
383 3613 461 3662 tielcu
479 3611 563 3663 Naoh

62 3684 179 3746 denlreas,
192 3697 241 3732 von
253 3683 306 3731 dem
317 3680 399 3731 Malea
408 3679 562 3744 Theodorus,

62 3752 175 3802 erwdhnt
191 3750 287 3800 Plinius
300 3749 329 3798 M.
343 3748 374 3799 Ν.
387 3747 503 3810 XXXV,
524 3748 563 3796 11.

62 3817 132 3868 Mchr
151 3819 216 3870 'dher
237 3818 275 3866 sie
296 3833 317 3866 s.
339 3816 378 3866 hei
399 3815 504 3878 Menage
522 3814 565 3863 Hi·

63 3885 283 3936 storiamulierum
296 3884 496 3950 philosophorum
509 3882 564 3930 hin-

620 2329 724 2445 pprbder
736 2328 814 2392 Ausg.
824 2329 869 2378 des
880 2322 952 2391 [ling.
963 2327 991 2377 L.
1005 2327 1027 2378 ll
1037 2343 1061 2393 p.
1075 2328 1125 2378 618

643 2413 659 2445 u
678 2412 691 2444 u

540 2501 544 2506 .
654 2462 702 2512 ced
717 2467 802 2512 tamen
819 2463 874 2512 scil.
892 2478 956 2511 uersa
973 2466 1023 2524 est,
1044 2463 1125 2510 worin

621 2530 684 2578 ehcu
701 2530 777 2594 liegt,
799 2531 857 2579 dass
879 2528 945 2593 dies,
966 2499 1035 2576 trot'z
1056 2528 1126 2577 ihrer

619 2568 786 2659 guistreicheh
805 2591 855 2645 und
867 2566 991 2644 attisdhcn
1005 2594 1124 2643 Schrcih

619 2669 668 2722 art,
679 2663 742 2712 doch
754 2663 792 2712 als
806 2664 861 2712 eine
875 2661 953 2710 laeclre
966 2661 1123 2723 Verwcgcn

619 2731 673 2780 hait
686 2746 717 2779 zu
729 2729 879 2779 bezeichnen
893 2729 938 2777 sei

653 2797 760 2865 Epicuri
780 2797 884 2861 hortus,
905 2795 1043 2845 anille·
1037 2812 1060 2846 ιιι
1079 2797 1125 2846 der

619 2863 691 2915 N'dhe
708 2881 757 2915 von
774 2863 881 2914 hthen'
875 2880 899 2914 m
917 2864 1010 2914 seinem
1028 2863 1124 2916 Garten

621 2933 688 2982 lehte
712 2934 761 2983 and
785 2933 874 2982 lehrte.
910 2932 1002 2982 Diesen
1028 2933 1123 2985 Garten

620 3003 764 3051 vermachte
786 3015 814 3050 er
835 3001 868 3050 im
885 3000 1046 3053 Testamenta
1068 3003 1124 3052 dem
1155 3041 1158 3055 .

620 3069 786 3120 Hermarchus
807 3071 857 3118 und
881 3070 971 3119 dessen
993 3069 1123 3134 lriiul'tigcn

618 3137 787 3200 Nuchlclgern
800 3137 845 3188 aul
859 3137 952 3188 seinern
963 3139 1123 3188 Lehrstuhle.

620 3205 690 3268 Diog.
704 3206 734 3255 L.
747 3205 779 3271 X,
796 3205 835 3255 17.

653 3271 730 3324 Zeno.
748 3273 801 3324 Iler
811 3273 901 3324 cheac.
912 3273 952 3338 21,
962 3273 994 3321 59
1004 3272 1119 3320 eruthe-

619 3348 644 3390 te
658 3342 806 3408 Epilrureer.

656 3407 683 3460 Τ.
706 3410 831 3460 Aidaciue
855 3407 935 3454 hcisst
957 3404 1012 3450 dcm
1032 3399 1119 3448 Cicero

619 3477 762 3538 Brut.c.35,
775 3473 819 3522 131
830 3473 961 3551 perfectus
970 3467 1119 3534 Epicureas.

619 3545 654 3593 Er
663 3545 733 3593 lehte
744 3539 841 3602 lange'
835 3555 858 3586 m
872 3531 954 3586 A'thcn
971 3535 1020 3583 und
1033 3535 1119 3585 wnrdc

618 3627 675 3660 vom
687 3608 798 3658 Lucilius
810 3619 898 3666 wegen
912 3603 996 3652 seiner
1008 3602 1120 3653 Gracco·

618 3677 698 3726 mauie
711 3678 862 3738 verspcttet
887 3672 913 3721 S.
927 3672 957 3720 de
970 3671 1042 3721 Pina.
1054 3670 1077 3737 l,
1095 3671 1119 3738 3,

619 3744 642 3792 9.
667 3742 713 3793 hle
723 3741 876 3806 Propraetor
884 3755 934 3790 von
946 3710 1094 3790 Sardinied
1087 3755 1120 3791 rm

620 3812 642 3860 J.
661 3809 710 3858 650
732 3810 792 3858 liess
809 3824 838 3858 er
859 3809 909 3858 sich
928 3808 1119 3874 llrpressungen

620 3893 651 3928 zu
664 3877 789 3927 Schuldeu
801 3877 923 3943 hammer,
936 3887 1078 3938 weswegen
1092 3889 1121 3924 er
