2622 4326
219 237 278 307 ,ῃ
554 209 906 284 nnuaruaanncnun

214 384 221 413 ι
222 377 328 454 3531„
346 378 454 440 dicitur.
484 366 532 427 Vis
552 372 648 426 autem
668 364 786 426 eiusad
806 381 872 426 aras
892 371 920 425 et
941 364 1022 426 iocos
1038 365 1175 444 pertinet.
1208 367 1264 428 lta-

214 485 268 550 que
280 466 311 526 in
325 481 358 522 ea
371 461 435 528 dea,
454 469 526 531 quae
540 456 585 510 cst
599 467 699 510 rerum
714 457 816 510 custos
831 448 1016 523 intimarum,
1036 449 1136 512 omnis
1153 458 1182 512 et
1197 469 1264 530 pre-

165 569 196 624 „
213 547 285 612 cado
304 553 333 606 et
351 533 520 604 sacrificatio
541 542 670 595 extrema
684 541 737 594 cst.
766 534 827 595 Nec
839 534 927 613 louge
940 535 1047 600 absunt
1061 534 1097 595 ab
1111 535 1169 595 bac
1182 535 1212 595 vi
1227 536 1264 597 dii

210 635 345 698 Penates,
368 625 427 684 sire
444 639 461 681 a
476 637 556 698 penu
575 619 663 680 ducto
687 618 821 693 nomine,
843 622 907 694 (est
921 620 1000 681 enirn
1010 638 1119 700 omne,
1140 638 1201 698 quo
1218 641 1264 681 ve-
1307 605 1308 658 b

210 723 329 780 scunuu
342 706 489 774 homines,
505 705 635 782 penum)
652 703 714 764 sive
728 703 764 764 ab
779 722 827 776 eo,
843 703 922 781 quod
933 707 1049 783 poninus
1062 703 1209 764 insident:
1232 725 1265 766 ex

209 817 268 880 quo
292 793 375 864 etiam
400 788 560 869 penetrales
583 787 714 866 apoetis
734 796 883 848 vocantur.
913 787 975 850 Iam
989 788 1132 868 Apollinis
1154 807 1263 850 nomen

210 891 254 944 est
267 879 415 949 Graecum,
431 889 518 954 quem
534 873 633 934 Solem
648 892 713 934 esse
726 872 835 934 volunt.
862 870 983 934 bimam
998 881 1096 936 autem
1110 882 1140 933 et
1151 873 1262 935 Lunam

208 963 325 1028 mndem
339 979 406 1020 esse
420 965 537 1038 putant:
554 976 643 1038 quum
657 957 707 1018 Sol
723 957 817 1018 dictus
833 957 878 1030 sit,
894 957 937 1017 vel
949 957 1016 1036 quia
1026 958 1106 1019 solus
1118 977 1155 1019 er
1167 960 1262 1020 omni·

209 1053 262 1114 bus
277 1045 419 1106 sideribus
436 1050 604 1116 amiantus,
625 1041 764 1120 adquin,
781 1048 1078 1120 quamsecurium,
1100 1043 1261 1104 obscuratis

208 1129 342 1195 omnibus
356 1129 448 1189 :solus
468 1135 601 1206 apparet;
627 1128 709 1188 Luna
728 1146 745 1186 a
765 1127 885 1188 lucendo
914 1127 1064 1188 nominata
1084 1127 1137 1188 sit:
1165 1129 1261 1189 eadem

207 1223 251 1279 est
270 1214 347 1275 enirn
362 1212 479 1274 Lucina.
510 1212 608 1289 itaque
623 1219 655 1270 ut
669 1211 747 1291 apud
762 1211 888 1272 Graecos
903 1210 1025 1272 Dianam
1039 1231 1164 1291 eamque
1178 1213 1261 1273 Luci-

209 1305 306 1370 feram,
322 1298 366 1358 sic
380 1297 457 1375 apud
473 1302 594 1356 nostros
609 1296 752 1358 iunonem
762 1295 902 1368 Lucinam
916 1295 947 1355 in
959 1296 1100 1374 pariendo
1112 1297 1261 1358 invocant:

207 1401 279 1466 quae
298 1383 398 1444 eadem
414 1381 504 1442 Diana
523 1383 679 1459 omuicuyo
698 1379 815 1453 dicitur,
835 1397 896 1440 non
916 1381 1094 1450 avenando,
1117 1382 1169 1442 sed
1186 1382 1261 1460 quod

157 1487 189 1539 ce
209 1469 237 1533 iu
263 1475 375 1548 septem
401 1473 571 1526 numeratur
591 1473 740 1542 tamquam
758 1464 940 1544 vacuandus.
970 1465 1059 1526 Diana
1080 1465 1172 1540 dicta,
1199 1467 1262 1544 quia

207 1561 295 1620 noctu
315 1552 398 1630 quasi
419 1551 493 1612 diem
507 1550 641 1610 efiiceret.
672 1549 832 1610 Adhibetur
847 1557 943 1610 autem
958 1549 994 1610 ad
1009 1557 1126 1629 partus,
1149 1551 1230 1629 quod
1244 1550 1260 1609 ii
1307 1551 1308 1556 ’

208 1639 404 1703 utaturescunt
419 1643 467 1696 aut
479 1643 592 1711 septem
602 1651 826 1712 nonnumquam
840 1642 898 1705 aut,
914 1642 946 1694 ut
957 1635 1140 1714 plerumque,
1158 1653 1260 1696 novem

207 1725 289 1788 ittuoa
305 1720 454 1792 cursibus,
470 1719 534 1798 qui,
551 1719 617 1797 quia
631 1737 731 1778 metesa
746 1719 837 1796 spatia
853 1717 1022 1792 conficiunt,
1038 1737 1152 1780 meuses
1165 1721 1259 1780 nomi·

207 1813 320 1874 utuntur.
350 1803 569 1881 dominaeque,
585 1810 618 1863 ut
633 1803 736 1876 muita,
753 1803 904 1877 Timaeus,
925 1803 1079 1882 quiquam
1095 1805 1126 1864 in
1141 1805 1260 1865 historia
1307 1803 1308 1850 i

239 1961 266 2012 itt
278 1974 308 2010 aa
319 1955 366 2006 dea
377 1982 411 1989 —
422 1955 512 2019 καινῇ.
526 1959 644 2004 cauma
658 1959 705 2004 ast.
759 1954 881 2005 viebnebr
890 1971 938 2005 von
950 1955 1081 2005 desselben
1089 1955 1257 2018 Wurzei,von

207 2029 256 2081 iias
273 2022 389 2090 ddjcctiv
406 2021 440 2071 ist
456 2020 617 2086 Apposition‚
639 2022 707 2072 nicht
759 2023 869 2073 welcbcr
886 2023 918 2072 im
931 2021 975 2073 Gr.
992 2024 1072 2078 σέλας
1086 2025 1137 2074 und
1157 2020 1257 2090 σελήνη,

206 2093 324 2148 tumtun
342 2105 373 2139 zu
389 2104 456 2154 prce.
472 2093 498 2138 ei
513 2104 579 2139 sacr.
607 2089 642 2138 iis
659 2089 706 2138 be·
760 2089 784 2138 in
803 2091 850 2139 den
868 2090 1024 2140 Nordischen
1043 2091 1172 2158 Spracben
1189 2090 1258 2142 Solea

206 2163 328 2214 deututso
338 2156 433 2206 vicinis
443 2160 634 2223 eoebmapura
644 2157 706 2206 oder
761 2157 836 2219 (goth.
849 2154 935 2223 Sunii,
948 2159 1012 2208 litu.
1025 2154 1102 2208 Sardo
1115 2159 1155 2208 dic
1170 2159 1256 2222 Sonne)

205 2229 292 2282 unitus
309 2239 379 2292 prce.
402 2229 428 2274 et
445 2223 649 2287 aamficationis.
671 2252 706 2260 —
759 2232 867 2276 stornmt.

206 2295 253 2349 dat
262 2295 289 2343 in
302 2309 333 2341 aa
344 2290 434 2340 deo=
443 2295 562 2341 uersatur
573 2293 598 2340 in
609 2307 639 2340 aa
647 2291 704 2355 den,
792 2291 901 2343 Dianam
913 2309 1016 2360 eamque
1027 2293 1188 2359 Lumfmam:
1203 2287 1256 2374 ''AQ-

205 2363 227 2416 d.
241 2363 263 2414 b.
280 2361 373 2410 ineius
391 2358 634 2410 daaeneuerationa.
659 2359 705 2407 Dia
758 2375 838 2427 τεμιν
858 2356 1015 2430 φωσφόρον
1036 2361 1098 2410 oder
1121 2361 1257 2430 deducun-

206 2428 306 2492 ungobe
319 2427 399 2477 scibat
416 2427 480 2476 wird
493 2426 707 2477 binsicbtlichder
759 2441 817 2495 ρον.
853 2427 880 2477 in
904 2427 1015 2479 Cicero's
1040 2428 1098 2479 Zeu
1125 2430 1256 2492 ailardinge
1306 2489 1307 2498 ἵ

205 2497 296 2550 ilonea
312 2495 476 2558 andorweitig
490 2495 557 2545 nicbt
573 2493 706 2557 best'aitigt:
758 2495 812 2558 gait
828 2493 938 2546 Artemis
956 2497 995 2546 bei
1013 2497 1059 2546 den
1078 2496 1203 2547 Griecben
1223 2497 1257 2546 ais
1306 2499 1307 2540 i

204 2563 324 2615 vicimebr
338 2562 540 2626 sagenAnderc‚
558 2561 706 2612 auuvio.
760 2561 964 2628 Geburtsgiittin,
989 2565 1044 2614 cine
1064 2563 1202 2631 Function,
1222 2565 1257 2613 die
1306 2575 1307 2642 ι

205 2630 332 2696 Fascvl,
349 2629 398 2680 303
431 2632 489 2680 dass
506 2631 589 2682 Vesta
605 2646 637 2680 zu
654 2628 706 2680 An·
759 2631 799 2680 ihr
821 2631 859 2680 als
881 2630 1037 2694 Moudgiittin
1066 2633 1258 2695 zugescbrieben

205 2699 277 2762 iunge
299 2669 436 2762 angeruibn
457 2700 507 2760 sei3
530 2713 583 2748 was
605 2715 637 2748 zu
657 2698 705 2747 den
759 2699 852 2748 warda.
877 2697 923 2749 dls
940 2698 1098 2762 Mondgiittin
1116 2700 1179 2750 aber
1200 2699 1258 2750 stel-

203 2783 253 2818 von
278 2768 325 2816 den
349 2766 456 2817 Romern
485 2766 704 2830 anigenommenen
760 2767 800 2816 len
813 2768 889 2817 sebon
902 2767 941 2817 die
954 2767 1078 2830 Tragiker
1091 2768 1128 2817 sie
1141 2768 1196 2818 dar.

205 2834 381 2887 Griccbiscben
391 2835 605 2897 Cuitgebriiucben
619 2851 650 2883 zu
663 2848 706 2896 ge·
794 2837 959 2900 uagantibus,
976 2835 1031 2884 scii.
1044 2835 1123 2885 stellis
1140 2836 1164 2884 d.
1178 2837 1202 2885 b.
1216 2836 1259 2884 den

205 2901 398 2954 bb'renschcint.
424 2901 494 2950 Denn
512 2902 552 2950 bei
570 2903 617 2951 den
631 2900 705 2952 Gric-
759 2901 887 2953 Planaten.
922 2903 991 2952 0bne
1011 2902 1119 2952 Zweiiei
1141 2903 1204 2953 aber
1223 2904 1260 2952 bat
1306 2901 1307 2940 ἶ

206 2969 266 3022 chon
279 2967 366 3016 wurde
379 2968 423 3016 der
432 2962 528 3018 Ἑστία
541 2976 634 3033 zuarst,
653 2981 705 3018 was
760 2971 807 3019 der·
818 2969 920 3020 Stoikcr
936 2971 981 3020 ruit
993 2969 1077 3019 dieser
1088 2971 1208 3032 Dautung
1220 2971 1259 3020 des
1306 2965 1307 3015 i

204 3035 289 3096 Vinio,
309 3034 371 3083 aber
391 3036 452 3083 auch
475 3035 572 3086 zulctzt
592 3037 705 3099 gaurein,
759 3037 905 3088 beinamens
918 3037 1035 3089 Unrecbt.

205 3117 256 3156 wne
269 3101 423 3163 wenigstens
436 3101 524 3164 liinige
538 3102 673 3165 bezeugen.
794 3104 834 3154 69.
847 3105 971 3156 Dima-
982 3107 1042 3171 quia
1052 3121 1078 3155 n.
1090 3123 1113 3172 q.
1126 3105 1209 3156 diam
1220 3106 1260 3170 eff.

238 3169 278 3221 68.
298 3169 334 3220 dii
349 3168 471 3219 Percotes:
494 3169 640 3232 aligemeine
658 3169 706 3219 ne·
760 3172 836 3222 Darin
854 3173 917 3237 iiegt
936 3174 1160 3236 gewissermassen
1184 3181 1260 3224 etwas

205 3234 706 3301 uennuogderGotter‚diealsbescuia-
759 3239 878 3291 Wabres.
901 3241 986 3291 Diana
1006 3241 1086 3290 beisst
1104 3257 1133 3290 so
1151 3242 1206 3292 viel
1226 3241 1260 3291 ab

205 3323 257 3364 utar
275 3307 319 3356 des
333 3305 501 3354 Houswesens
515 3303 547 3353 ina
559 3302 648 3353 innern
661 3305 705 3355 des
758 3308 951 3358 himmiische
971 3308 1193 3372 Licbtgiittin‚
1215 3324 1261 3360 von

205 3373 300 3430 bauses
317 3374 421 3424 vcrcbrt
432 3373 548 3433 wurden,
567 3372 627 3422 aber
639 3372 707 3422 nicht
759 3376 815 3424 dena
827 3391 859 3424 zu
871 3391 894 3425 c.
906 3374 929 3438 2,
943 3377 959 3426 4
972 3376 1160 3442 besprocbeneu
1174 3377 1261 3427 Wort-

205 3443 252 3498 itio
274 3443 313 3492 die
331 3441 412 3493 Laren
434 3441 490 3492 eine
511 3440 597 3503 eigene
618 3439 705 3490 Classe
759 3449 855 3492 summ.

206 3508 704 3574 detergeordneteertterausmacbten,
792 3525 900 3561 vacuas.
925 3511 978 3562 Der
993 3511 1070 3562 Nauae
1087 3513 1131 3562 bat
1146 3512 1195 3563 mit
1210 3513 1263 3562 den

205 3577 311 3636 tttddern
327 3593 373 3627 aus
389 3578 445 3627 dem
461 3574 553 3628 lireise
570 3576 615 3626 der·
628 3577 705 3625 biicir·
759 3575 828 3626 Part.
847 3594 953 3630 oneum
969 3580 1049 3630 nicbts
1069 3581 1182 3643 gaurein,
1206 3597 1263 3630 son-

206 3653 260 3706 atta
274 3643 470 3698 Gutta-waren.
497 3645 543 3694 Die
556 3643 706 3694 Verwaudt·
759 3645 1141 3698 dernstanuntvondersaiben
1154 3647 1263 3699 Wunei
1305 3661 1306 3688 ι

206 3709 463 3774 aotaudesrumens
480 3711 525 3761 mit
539 3713 640 3777 partibas
656 3710 706 3760 und
758 3711 808 3760 wic
825 3711 869 3760 das
882 3711 925 3763 Gr.
966 3710 1000 3779 ἦν
1014 3716 1065 3765 und
1080 3709 1169 3782 μήνη,
1188 3732 1265 3768 unser

205 3776 408 3860 mutiutklar.
758 3777 915 3830 Mondund
958 3789 1037 3831 onat.
1109 3811 1111 3818 ,

239 3845 284 3906 dui
294 3841 440 3916 quidecim.
460 3842 597 3893 DerName
607 3849 706 3894 stamme
796 3843 915 3896 Tomoe
939 3863 985 3898 aus
1006 3848 1203 3904 Tauromenium
1224 3851 1266 3904 aui
