2646 4334
179 275 241 340 23.
529 268 573 319 or
590 267 726 322 1111111
742 263 889 334 1111111111

140 520 158 579 1
265 511 363 583 Quum
389 502 496 568 multae
521 525 569 568 res
590 506 620 566 in
639 505 827 584 philosophia
847 521 1033 584 nequaquam
1051 505 1123 566 satis
1143 505 1242 568 adhuc

145 608 156 656 1
179 594 334 676 explicatae
350 592 423 672 sint,
443 600 506 652 tum
522 589 716 672 perdifficilis,
736 590 838 664 Brute,
854 589 952 668 (quod
968 597 1000 651 tu
1015 589 1137 650 minime
1153 589 1242 668 igno·
1314 650 1315 654 ,

178 682 254 755 ras)
275 687 305 740 et
323 677 503 757 perobscura
524 675 654 755 quaestio
675 683 720 736 est
740 675 776 735 de
792 683 895 736 natura
911 675 1049 736 deorum:
1071 694 1144 755 quae
1159 684 1187 736 et
1202 676 1242 736 ad

177 764 357 844 agnitionem
372 761 460 822 enimi
476 760 670 840 pulcherrima
685 767 773 822 estet
788 759 824 820 ad
839 759 1050 820 moderandam
1064 759 1241 837 religionem

126 871 131 880 ·
177 848 349 912 neccssaria.
379 848 421 908 [te
447 865 503 925 qua
529 853 588 908 tam
614 844 708 906 variae
733 844 1061 908 sunt-doctissimorum
1080 844 1254 904 hominum-

178 943 295 1014 tamque
315 933 514 1010 discrepantes
535 929 709 999 sententiae,
728 936 761 989 ut
778 946 884 1008 magno
905 936 1080 1008 argumento
1101 947 1168 990 esse
1184 928 1238 989 de-

176 1021 253 1093 beat,
269 1036 413 1086 caussam,
430 1015 458 1074 id
475 1022 520 1077 est
534 1013 710 1093 principium
732 1013 937 1092 philosophiae
957 1032 1022 1074 esse
1041 1013 1238 1088 insolentiam,

177 1106 398 1184 prudenterque
422 1098 612 1158 Academicos
634 1116 651 1157 a
673 1097 762 1159 rebus
786 1098 907 1158 incertis
928 1098 1133 1178 assensionem
1153 1097 1238 1158 cohi-

175 1189 286 1248 huisse.
308 1185 385 1258 Quid
401 1190 447 1244 est
461 1183 540 1242 enim
555 1181 715 1242 temeritate
729 1179 868 1261 turpius‘.l
884 1193 933 1244 aut
948 1182 1017 1261 quid
1032 1189 1093 1242 tam
1108 1190 1236 1242 temera-

177 1272 253 1332 rium
282 1279 400 1347 tamque
430 1267 583 1344 indignum
613 1266 754 1346 sapientis
777 1267 922 1347 ¹gravitate
947 1274 1035 1346 atque
1063 1265 1236 1340 constantia,

178 1372 265 1435 quarn
281 1361 330 1413 aut
345 1352 450 1413 falsum
466 1343 590 1424 sentire,
610 1359 673 1422 aut,
695 1351 774 1430 quod
794 1370 855 1412 non
876 1352 946 1412 satis
966 1353 1115 1430 explorate
1133 1369 1237 1430 perce·

140 1446 156 1495 2
178 1448 264 1518 ptum
279 1438 318 1498 sit
332 1445 360 1500 et
375 1436 536 1514 cognitum,
552 1436 616 1496 sine
632 1435 690 1496 ulla
706 1436 887 1498 dubitatione
902 1433 1081 1497 defendere?
1107 1435 1192 1497 Velut
1207 1435 1236 1494 in

175 1526 232 1586 hac
247 1522 417 1602 quaestione
431 1520 575 1599 plerique,
594 1521 672 1599 quod
688 1521 813 1582 maxime
833 1521 989 1582 verisimile
1008 1529 1053 1582 est
1073 1530 1101 1581 et
1121 1539 1180 1599 quo
1202 1539 1236 1580 o-

176 1627 260 1670 mnes
277 1608 349 1668 duce
363 1614 466 1666 natura
481 1605 623 1678 vehimur,
641 1605 712 1666 deos
725 1625 792 1666 esse
808 1606 955 1668 dixerunt:
971 1605 1102 1666 dubitare
1117 1625 1149 1666 se
1161 1605 1236 1666 Pro-

176 1702 307 1772 tagoras:
327 1691 424 1753 nullos
444 1709 508 1751 esse
524 1691 646 1751 omnino
663 1689 803 1768 Diagoras
818 1690 918 1752 Melius
940 1699 969 1750 et
983 1690 1160 1750 Theodorus
1180 1688 1236 1768 Cy·

177 1777 312 1839 renaicus
328 1783 512 1855 putaverunt.
544 1775 600 1848 Qui
615 1793 685 1835 rere
703 1775 775 1835 deos
792 1793 858 1835 esse
873 1775 1015 1846 dixerunt,
1030 1783 1108 1834 tanta
1125 1773 1237 1834 suntin

176 1863 312 1924 varietate
337 1879 372 1922 ao
398 1859 597 1930 dissensione,
623 1866 784 1920 uteorum
810 1859 967 1920 molestum
992 1859 1029 1919 sit
1049 1858 1237 1920 dinumerare

178 1947 345 2008 sententias.
376 1943 451 2004 Nam
470 1951 499 2003 et
518 1943 554 2003 de
574 1943 674 2020 figuris
694 1944 819 2004 deorum
834 1951 862 2003 et
877 1944 913 2004 de
927 1942 1000 2004 locis
1017 1952 1103 2022 atque
1118 1943 1237 2003 sedibus

179 2039 208 2091 et
225 2029 339 2092 actione
358 2027 432 2086 vitae
450 2027 541 2088 multa
561 2026 709 2101 dicuntur,
731 2029 825 2106 deque
845 2029 892 2088 his
908 2047 1025 2088 summa
1038 2027 1237 2108 philosopho-

177 2133 244 2184 rum¹
270 2111 454 2209 dissensione
478 2118 629 2215 certatum
645 2112 723 2190 quod
744 2131 813 2173 vero
833 2114 958 2175 maxime
978 2131 1040 2172 rem
1063 2129 1238 2189 causamque

213 2203 679 2344 1.1.adagn2·ti¹o{aaa⁸e³ai;1bif13urco
734 2297 792 2331 aem
811 2282 919 2332 sondern
945 2281 990 2328 auf
1013 2280 1058 2328 das
1081 2279 1238 2330 entlerntere

178 2349 218 2398 die
240 2347 408 2398 Erlreontniss
433 2347 479 2396 der
500 2345 616 2398 Gottheit
636 2363 681 2411 ge·
735 2351 894 2414 quaestione
907 2347 1036 2395 hcaiohea.

180 2417 260 2466 winot
275 2417 321 2465 der
337 2414 410 2465 Gcist
426 2417 487 2465 anch
505 2430 536 2464 an
554 2414 681 2466 111111111-
766 2412 1241 2478 inserendam-DieMannichlaltigleit

178 2485 231 2534 niss
244 2484 328 2534 seincr
339 2484 432 2547 selbst,
450 2482 562 2533 insolam
575 2485 636 2533 auch
653 2497 683 2531 cr
734 2483 784 2532 und
805 2483 851 2530 der
865 2481 1048 2546 Widerspruch
1065 2480 1090 2528 in
1108 2481 1155 2531 den
1174 2481 1239 2531 llei-

179 2553 316 2615 go'ttlichen
339 2550 448 2602 Wesens
472 2550 613 2613 theilhallig
635 2550 681 2599 ist:
736 2547 1239 2612 nungeaiiherdieGotthcit,einellolqe

180 2618 431 2670 Gotteserlrenntnlss
469 2619 518 2668 und
554 2617 682 2668 Selbster-
736 2617 780 2666 des
804 2615 1043 2680 Nichtwissens,
1074 2617 1150 2666 durch
1175 2617 1239 2666 wel-

178 2687 312 2738 kenntniss
336 2689 424 2738 stehen
448 2687 473 2736 in
499 2683 682 2735 Wechselwir-
736 2685 795 2734 ches
815 2699 871 2734 man
893 2701 948 2734 zum
966 2683 1155 2749 Philosophiren
1177 2683 1240 2734 iiber

177 2756 253 2820 hung.
282 2755 339 2819 Vgl.
356 2754 458 2804 Tuscul.
472 2753 506 2816 V,
524 2752 569 2817 25,
588 2751 632 2801 70:
651 2751 683 2804 Ul
720 2753 773 2802 'sic
790 2753 889 2816 gereizt
905 2754 955 2802 uod
973 2767 1020 2800 zur
1031 2751 1194 2815 hulstellang
1210 2768 1238 2802 so

176 2827 235 2891 ipsa
247 2841 275 2873 se
286 2839 358 2872 meas
369 2825 497 2886 agnosca
507 2823 682 2871 semunciam-
734 2819 952 2882 mannichlaltiger
969 2819 1119 2882 ltleinuogen
1137 2819 1240 2882 gehihrt

178 2907 225 2956 qus
245 2905 303 2940 cam
323 2890 408 2939 ainana
426 2892 511 2938 mente
531 2905 559 2937 se
578 2892 681 2938 contrat.
734 2889 838 2938 worden
851 2888 893 2952 ist,
905 2887 970 2936 kann
979 2887 1018 2936 als
1028 2888 1068 2937 ein
1078 2887 1240 2950 gewichtigcr

178 2959 209 3006 de
225 2956 304 3018 Legg.
322 2954 345 3017 l,
363 2954 388 3018 8,
407 2954 453 3002 25:
474 2959 505 3004 ut
517 2957 541 3003 a's
557 2961 683 3019 agnoscat
734 2954 1238 3020 Beteffimagmaaargumentamloraen

177 3023 265 3088 deum,
282 3025 326 3087 qai
335 3021 403 3071 eade
420 3025 494 3072 ortas
506 3024 542 3070 sil
557 3027 632 3086 quasi
640 3039 681 3072 re·
735 3020 795 3071 Sstz
807 3021 904 3087 dienen,
917 3023 974 3072 dass
987 3024 1031 3072 das
1041 3021 1240 3088 Philosophircn,

179 3089 301 3139 cordetuo
312 3092 446 3137 acaosoat.
466 3087 558 3136 Darem
571 3089 606 3136 ist
618 3091 680 3139 auch
735 3089 758 3138 d.
769 3090 792 3138 h.
808 3089 852 3138 das
863 3089 970 3140 Strehen
984 3092 1044 3140 noch
1056 3089 1173 3150 Wissen,
1187 3091 1240 3140 sei-

178 3157 218 3206 die
239 3154 431 3218 Beschliftigung
451 3155 496 3204 mit
516 3154 609 3204 diesem
632 3155 682 3207 Ge·
735 3172 783 3206 oen
801 3155 900 3222 Grund,
920 3159 943 3208 d.
957 3159 980 3208 h.
996 3158 1082 3208 seiuen
1099 3157 1239 3222 Ursprung,

178 3224 315 3288 genstandc
327 3223 362 3274 ad
369 3225 528 3290 eomitioaem
536 3225 682 3293 11111·μυὶ-
735 3239 863 3289 caussam,
875 3229 891 3275 ἰ.
903 3243 923 3276 e.
931 3228 1095 3295 prisrmpium,
1104 3225 1201 3274 iiberall
1213 3226 1239 3274 in

178 3293 317 3355 cherrima,
333 3291 392 3340 weil
410 3291 447 3340 sie
464 3291 619 3342 hinsichtlich
638 3293 682 3342 der
735 3294 790 3344 dem
814 3293 1029 3344 Nichtwissen
1054 3293 1124 3342 habe.
1157 3292 1239 3342 Arist.

178 3359 424 3410 Selhsterlrenntniss
437 3375 469 3408 za
479 3360 559 3409 eincm
572 3362 681 3410 schdnen
735 3361 795 3412 Met.
809 3362 832 3425 l,
846 3361 874 3410 2:
899 3356 946 3410 ded
965 3357 996 3410 τὸ
1013 3355 1128 3430 φεύγειν
1145 3355 1194 3424 τὴν
1206 3353 1239 3410 ἅ-

177 3429 226 3478 und
239 3429 369 3492 wiirdigen
383 3427 519 3490 Ergehniss
534 3427 612 3479 liihrt.
734 3446 833 3498 γνοιαν
849 3428 862 3479 d
888 3425 1071 3497 ιλοσόφησαν.
1083 3455 1117 3464 -
1128 3428 1182 3478 Fiir
1195 3427 1240 3478 de-

211 3495 431 3548 admoderaadam
440 3496 595 3562 religionem.
610 3496 681 3547 Weil
735 3501 794 3549 beat
813 3499 846 3546 im
862 3447 968 3548 verber.
989 3497 1024 3547 ist
1044 3496 1112 3546 wohl
1133 3496 1242 3548 deleam

178 3571 233 3614 crst
249 3565 289 3614 die
305 3565 411 3628 richtigc
428 3563 680 3616 Gotteserlrenntoiss
735 3583 767 3616 zu
780 3566 858 3616 lesen.

177 3645 286 3681 uoserer
295 3631 529 3695 Gottesverehrung
541 3633 581 3682 die
595 3634 679 3683 rechte
768 3632 944 3684 Academicos.
969 3631 994 3681 S.
1010 3632 1032 3682 d.
1046 3631 1112 3681 Einl.
1126 3632 1151 3681 S.
1170 3630 1209 3680 13.

178 3698 288 3760 llaltoog
308 3701 358 3749 uod
375 3699 499 3763 Richtnng
516 3700 591 3764 gicht.
622 3701 680 3764 Vgl.
769 3701 792 3750 2.
812 3700 984 3766 Protagoras,
999 3699 1139 3766 Ila'agoras,
1157 3697 1241 3749 Theo-

178 3763 423 3830 uolentiaque.
735 3768 825 3819 doras.
854 3768 880 3817 S.
902 3775 977 3818 unten
995 3784 1027 3818 zu
1048 3783 1069 3816 c.
1094 3766 1137 3833 12,
1158 3766 1192 3816 29
1213 3783 1240 3819 u.
1322 3810 1323 3813 ,

211 3831 250 3882 De
272 3847 329 3896 qua.
363 3833 413 3883 llas
430 3835 530 3885 Relativ
551 3838 619 3886 nicht
639 3836 684 3886 auf
736 3835 776 3899 23,
790 3834 831 3884 (13.

178 3901 223 3950 das
252 3901 545 3966 ntehstvomergenende
577 3905 682 3970 religio-
769 3919 825 3954 rem
837 3919 1010 3970 caussamque.
1028 3903 1240 3966 Derallgemeiae
