2646 4334
166 251 207 310 70
517 242 560 293 nn
576 187 715 294 ulrum
733 239 871 294 pronun

166 404 201 466 ln
221 402 275 462 deo
296 398 364 476 quid
386 395 424 456 sit
445 395 528 474 quasi
547 413 656 474 corpus
676 403 725 457 aut
741 395 825 474 quasi
840 393 971 474 sanguis,
991 391 1150 473 intelligere
1164 409 1227 456 uon

113 497 146 549 τι
166 501 301 567 possum.
332 481 376 541 Ne
395 489 427 540 tu
443 479 577 557 quidem,
597 479 696 554 Vellei,
716 471 845 541 sednon
860 479 905 539 vis
920 477 1011 541 lateri.
1040 477 1101 540 lsta
1115 478 1195 540 enim
1209 499 1226 542 a

165 568 247 630 robis
264 565 347 648 quasi
362 565 468 626 dictata
482 565 652 638 redduntur,
673 584 747 644 quae
761 563 905 643 Epicurus
922 561 1049 624 oscitans
1064 563 1225 625 hallucina-

165 662 214 714 tus
229 659 283 725 est,
299 669 389 731 quum
406 650 524 728 quidem
540 651 721 730 gloriaretur,
737 659 770 712 ut
783 648 915 710 videmus
931 648 1102 728 inscriptis,
1117 668 1150 710 se
1165 668 1227 710 ma·
1309 675 1310 732 q

167 737 294 816 gistmm
318 733 455 800 hahuisse
487 735 608 797 nullum.
664 735 750 809 Quod
782 741 811 794 et
840 751 903 794 non
928 733 1106 814 praedicanti
1132 741 1227 796 tamen
1309 797 1310 808 ,

169 823 250 884 lacile
265 819 400 900 equidem
415 820 579 894 crederem,
601 821 677 882 sicut
690 819 758 880 mali
773 817 894 880 aedilicii
909 818 1030 882 domino
1047 818 1182 898 glorianti
1198 839 1228 880 se

168 907 357 970 architectum
376 923 439 966 non
457 905 606 967 habuisse.
645 904 721 966 Nihil
743 903 821 964 euim
844 903 902 964 olet
917 923 952 964 ex
967 903 1136 976 Academia,
1159 904 1229 964 nihil

168 1011 204 1054 ex
221 992 331 1074 Lyceo,
351 989 423 1050 nihil
441 1008 479 1050 nc
494 1011 509 1050 e
524 990 685 1070 puerilibus
701 988 819 1068 quidem
835 987 1006 1067 disciphnis.
1034 987 1228 1051 Xenocratem

169 1079 270 1140 audire
290 1075 398 1155 potnit:
421 1094 508 1155 quem
528 1076 637 1148 virum,
656 1075 696 1136 dii
710 1072 904 1135 immortales!
920 1081 948 1134 et
963 1080 1045 1145 sunt,
1062 1074 1111 1153 qui
1126 1081 1228 1152 putent

169 1162 325 1223 audivisse:
342 1160 406 1240 ipse
420 1177 482 1222 non
497 1160 570 1221 vult:
592 1160 679 1221 credo
694 1161 761 1239 plus
780 1159 902 1219 nemini.
932 1157 1117 1237 Pamphilum
1136 1177 1226 1239 quen-

169 1247 250 1319 dam,
266 1245 397 1307 Platonis
412 1246 590 1319 auditorem,
612 1245 651 1307 ait
665 1265 681 1306 a
697 1264 728 1306 se
744 1244 823 1305 Sarni
839 1243 984 1305 auditum:
1006 1243 1046 1304 ibi
1061 1247 1140 1304 enim
1157 1245 1227 1305 ado-

169 1331 282 1391 lescens
297 1329 443 1390 habitabat
459 1349 525 1392 cum
540 1339 623 1412 patre
640 1339 669 1391 et
683 1329 835 1402 fratribus,
851 1328 929 1408 quod
944 1328 975 1388 in
990 1347 1054 1389 earn
1070 1336 1154 1408 pater
1168 1330 1227 1390 eius

170 1415 290 1476 Neocles
307 1415 436 1494 agripeta
451 1425 580 1477 venerat:
597 1416 649 1476 sed
665 1434 754 1495 quum
771 1414 877 1497 agellus
894 1431 961 1475 eum
977 1414 1121 1474 nonsatis
1134 1415 1227 1487 aleret,

117 1511 148 1562 73
171 1508 203 1561 ut
229 1500 345 1579 opinor,
371 1501 431 1560 ludi
457 1501 597 1579 magister
622 1500 684 1560 luit.
727 1500 784 1560 Sed
810 1501 888 1560 hunc
906 1499 1089 1560 Platonicum
1109 1499 1228 1561 mirifice

170 1584 331 1647 contemnit
345 1584 503 1664 Epicurus:
529 1587 568 1646 ita
588 1586 704 1658 metuit,
725 1602 763 1645 ne
783 1585 851 1664 qnid
871 1602 1011 1662 nmquam
1032 1583 1170 1645 didicisse
1187 1585 1227 1646 ri·
1308 1623 1310 1644 .

171 1671 279 1731 deatur.
309 1670 343 1730 ln
355 1669 544 1750 Nausiphane
556 1671 737 1733 Democriteo
753 1677 876 1742 tenetur,
893 1688 981 1748 quern
992 1687 1082 1748 (ιιιιιιιι
1095 1689 1111 1730 a
1123 1689 1156 1730 se
1168 1689 1229 1732 non

170 1762 256 1831 neget
270 1754 410 1827 auditum,
426 1759 508 1816 vexat
521 1764 619 1817 tamen
635 1756 773 1816 omnibus
789 1754 983 1814 contumeliis
1014 1753 1099 1832 Atqui
1119 1755 1144 1814 si
1160 1756 1229 1816 haec

87 1833 91 1841 ’
171 1838 351 1900 Democritea
369 1857 432 1900 nou
451 1839 594 1912 audisset,
616 1840 685 1918 quid
705 1835 856 1899 audierat?
875 1838 945 1916 quid
961 1837 1038 1898 enirn
1054 1838 1228 1918 inphysicis

170 1922 288 2002 Epicuri
308 1941 368 1983 nou
389 1944 405 1983 a
425 1921 615 1984 Democrito?
653 1923 728 1983 Nam
749 1922 802 1983 etsi
818 1923 959 2001 quaedam
975 1925 1178 1996 commutavit,
1199 1934 1229 1986 ut

170 2008 250 2086 quod
265 2007 361 2086 paullo
376 2015 442 2068 ante
458 2009 494 2068 de
510 2007 695 2070 inclinatione
710 2013 876 2068 atomorum
893 2007 965 2067 dixi:
981 2013 1080 2067 tamen
1092 2009 1228 2088 pleraque

171 2092 239 2153 dicit
254 2092 367 2166 eadem,
383 2100 512 2165 atomos,
528 2092 623 2165 inane,
639 2092 789 2170 imagines,
805 2091 975 2153 infinitatem
990 2091 1124 2154 locorum
1140 2093 1227 2156 innu-

170 2176 446 2256 merabilitatemque
460 2178 651 2250 mundorum,
667 2196 769 2238 eorum
786 2183 877 2252 ortus,
892 2177 1034 2250 interitus,
1051 2179 1229 2253 omniafere,

172 2260 276 2338 quibus
303 2269 423 2322 naturae
446 2261 520 2322 ratio
549 2262 723 2323 continetur.
761 2261 846 2322 Nunc
871 2261 948 2322 istud
968 2262 1051 2342 quasi
1072 2283 1182 2344 corpus
1202 2272 1230 2326 et

169 2468 220 2530 cet,
247 2468 277 2514 ot
296 2467 318 2512 r'a
339 2463 370 2512 da
389 2457 504 2529 peccatis
524 2463 673 2532 repetundi-r
760 2465 925 2532 apocr-didas
937 2463 1085 2531 acceptae.
1105 2465 1230 2517 Damitist

169 2535 316 2596 quaereret,
332 2547 357 2578 ιι.
371 2532 432 2580 nnch
445 2533 492 2581 nti
510 2531 555 2581 ib.:
574 2536 673 2582 anetam
726 2532 766 2582 die
777 2549 830 2596 sog.
837 2527 979 2600 ἐγκύκλιοι
988 2530 1104 2584 παιδεία
1113 2535 1229 2597 gemeint,

169 2600 215 2648 icti
222 2598 424 2662 gratulationem
432 2601 541 2664 sechem,
553 2601 618 2651 atis
629 2600 674 2651 do·
727 2600 749 2649 d.
767 2602 789 2650 h.
808 2601 854 2650 der
870 2600 1061 2652 herkdmmlicbc
1078 2601 1229 2666 Ueteri-ioht,

169 2681 241 2780 mill
252 2681 351 2784 bwwtlzll
360 2670 529 2786 qqtetfficm
544 2751 589 2788 aus
597 2736 658 2787 Dieh
725 2667 1083 2787 lrlrllllbtellllehllhdfflmmtik
1095 2686 1119 2718 u·
1135 2668 1229 2720 Rheto-

239 2769 245 2781 ’
352 2773 358 2797 t
468 2777 474 2797 r
532 2775 537 2785 ¹
660 2765 672 2776 “
942 2773 949 2786 ⁶

170 2807 234 2862 tern,
244 2800 285 2849 die
294 2802 473 2854 denScbiilem
484 2820 540 2854 zum
549 2806 673 2855 Auswen·
761 2803 938 2856 Xenocratem.
963 2803 988 2856 S.
1002 2820 1034 2853 zu
1046 2821 1067 2853 c.
1084 2803 1122 2869 13,
1136 2804 1177 2856 34.

171 2866 300 2930 diglerneu
312 2869 522 2920 dictirtwurden.
544 2872 672 2935 Vgl.Hor.
761 2876 880 2941 agnapeta
901 2874 925 2922 d.
944 2873 966 2922 h.
988 2872 1026 2921 als
1044 2871 1170 2935 Colonist,
1191 2889 1228 2936 gr.

170 2935 216 2998 Ep.
230 2933 248 2996 l,
263 2933 302 2997 18,
314 2934 358 2984 13:
369 2952 480 3002 pueram
493 2954 569 2990 saevo
582 2940 674 2990 credas
728 2939 888 3007 κληροῦχοι,
910 2940 941 2990 da
962 2939 1002 2990 die
1023 2938 1137 2990 Athener
1156 2941 1188 2992 im
1206 2941 1229 2996 J,
1307 2971 1308 2974 ¹

170 3002 265 3084 detecta
275 3005 401 3085 qtapabbq
414 3003 529 3054 reddare.
728 3005 775 3056 351
794 3023 819 3058 v.
832 3007 889 3056 Cbc.
913 3008 953 3057 die
970 3023 1027 3058 vom
1041 3007 1128 3058 Stante
1147 3009 1231 3072 einge-

171 3070 673 3204 t0tttttltlittlttttltlt:
727 3073 1231 3208 tttt¹ltltt⁶tttttttltttttt

170 3206 326 3255 wiihntcuch
336 3204 483 3270 ntupux,
494 3205 532 3256 13.
551 3206 673 3258 Denselbe
727 3223 811 3259 meren
825 3209 937 3274 Biirgern
949 3210 1087 3261 verliehen.
1154 3259 1158 3264 .

171 3273 241 3323 citirt
252 3289 298 3323 aus
315 3273 395 3323 einero
407 3274 501 3324 andern
514 3274 555 3323 nr.
569 3275 592 3340 ξ.
606 3276 621 3325 6
634 3276 673 3326 die
761 3275 801 3324 73.
821 3278 883 3342 qaid
891 3277 1025 3329 audierat?
1042 3279 1139 3344 llpilrur
1150 3281 1233 3330 schalt

170 3339 275 3390 Worte:
293 3337 427 3392 παιδείαν
443 3338 474 3392 di
492 3343 601 3403 πᾶσαν,
617 3361 674 3413 μα·
727 3342 773 3394 ani
782 3345 828 3394 den
841 3345 882 3408 N,
895 3346 934 3395 als
946 3346 1074 3396 verdanlre
1087 3362 1116 3396 er
1127 3347 1177 3397 ihm
1186 3362 1232 3411 gar

169 3402 257 3476 unipes,
270 3409 363 3476 φεῦγε.
728 3411 816 3461 nicbts.
836 3412 891 3463 Und
899 3413 970 3477 doch,
983 3427 1056 3464 wenn
1066 3429 1095 3464 er
1105 3415 1173 3466 nicht
1182 3431 1232 3466 von

205 3492 240 3526 ere
251 3477 436 3527 Acadernt'a-
449 3494 484 3529 erc
494 3478 590 3545 Lycen:
609 3479 633 3529 d.
648 3481 672 3529 h.
726 3479 821 3529 diesem
841 3479 928 3530 Etwas
947 3481 1048 3544 gelerut
1070 3483 1153 3545 bitte,
1178 3499 1231 3534 was

170 3557 200 3592 er
210 3545 314 3594 verriith
330 3543 404 3594 hcine
417 3545 612 3598 Bekanntschalb
628 3547 673 3597 ruit
728 3547 796 3596 hiitto
815 3561 844 3596 er
859 3554 932 3598 sonst
946 3550 1063 3612 gelernt‘l
1084 3551 1107 3600 d.
1124 3552 1148 3600 b.
1161 3551 1231 3602 'dana

170 3611 216 3660 der
238 3611 413 3662 Platoniseben
443 3615 505 3664 oder
526 3613 673 3666 Aristoteli·
728 3615 797 3663 wilre
821 3629 850 3664 cc
873 3617 998 3668 durcbaus
1022 3633 1054 3668 uu
1076 3619 1159 3669 elehrt
1182 3619 1231 3670 und

171 3679 246 3728 seben
259 3679 362 3742 Schule,
379 3697 429 3730 von
441 3682 520 3732 denen
529 3682 590 3746 jeue
602 3684 673 3733 ihren
727 3681 818 3731 kennte
831 3685 893 3732 auch
907 3684 975 3735 nicht
986 3619 1076 3735 einmal
1089 3687 1129 3736 die
1139 3686 1230 3736 Demo·
1305 3699 1306 3720 l

171 3745 226 3797 srtz
242 3747 267 3797 in
283 3747 329 3797 der
345 3746 408 3811 nl,
429 3749 498 3799 diese
515 3751 547 3800 im
563 3750 673 3817 Lyceum
726 3748 864 3798 licitischen
882 3750 971 3816 Sitne,
991 3766 1037 3802 aus
1058 3755 1139 3803 denen
1161 3755 1230 3804 seiae

170 3815 249 3867 hatte.
280 3815 367 3864 heides
381 3816 437 3866 siud
446 3815 541 3867 Numen
556 3835 606 3868 von
620 3818 674 3884 cy·
727 3829 807 3878 gnane
819 3814 914 3881 Physlk
926 3819 1033 3869 bestebt

171 3884 282 3936 muesien
295 3899 326 3934 zu
338 3882 429 3933 Athen.
760 3881 835 3932 istud
845 3887 920 3949 quaet
935 3897 1029 3953 corpur
1040 3913 1074 3923 —
1086 3887 1148 3952 quid
1157 3889 1230 3941 tirtel·
