2646 4334
431 259 491 310 mu
503 258 522 311 1.
549 257 782 341 emmaum.
1096 259 1136 325 73

79 413 210 493 corpori,
228 413 306 476 nolis
325 411 414 476 esse?
444 411 557 476 Difficili
571 415 602 476 iu
616 415 683 477 luco
699 433 809 477 versor.
839 417 898 478 Est
907 415 984 478 enim
998 417 1043 479 vis
1057 424 1137 478 16616
1162 422 1195 471 ff

76 507 208 572 naturae,
229 507 263 560 ut
282 499 373 560 homo
394 517 481 560 ucuro
497 499 565 560 velit
578 500 635 561 nisi
651 500 780 562 hominis
796 501 898 562 similis
914 521 987 564 esse.
1017 503 1055 564 nt
1069 503 1135 582 qui-
1157 515 1190 564 79

76 583 282 644 demlormica
298 583 444 645 formicae.
474 584 531 645 Sed
546 584 902 647 tamencuinshominis?
932 588 1047 661 Quotus
1059 587 1137 648 euim
1207 581 1211 584 ’

75 669 200 748 quisque
220 670 371 730 formosus
393 667 460 730 est?
489 669 610 730 Athenis
626 689 717 750 quum
733 689 843 744 essem,
863 689 879 730 e
894 672 1030 750 gregibus
1045 673 1137 751 ephe-

73 751 184 814 borum
206 753 252 814 vix
272 753 378 832 singuli
397 754 624 833 reperiebantur.
655 755 758 829 Video,
779 755 847 834 quid
863 756 1010 830 amiseris,
1031 756 1139 816 sedita

74 845 176 900 tamen
195 859 228 900 se
246 856 294 898 res
309 838 402 900 hahet.
432 839 542 900 Deinde
556 839 657 914 nohis,
678 841 742 919 qui,
764 840 991 901 concedentibus
1003 840 1137 920 philoso-

71 924 143 1001 phis
160 923 296 1002 antiquis,
311 924 531 985 adolescentulis
547 925 734 999 delectamur,
749 925 834 986 etiam
851 925 917 985 vitiu
933 943 1019 1004 saepe
1033 925 1138 986 iucun-

72 1008 112 1068 da
129 1015 208 1068 sunt.
239 1008 353 1069 Naevus
368 1009 399 1070 iu
414 1009 537 1070 articulo
553 1011 636 1089 pueri
652 1011 774 1072 delectat
787 1009 933 1071 Alcaeum.
962 1012 999 1071 m
1015 1016 1060 1070 est
1070 1027 1138 1069 cor-

71 1093 161 1170 poris
173 1093 284 1154 maeula
296 1111 415 1154 naevus.
437 1094 478 1155 llli
490 1103 588 1156 umen
600 1096 658 1156 huc
668 1097 767 1157 lumen
779 1095 940 1156 videbatur.
963 1096 998 1168 Q.
1012 1093 1138 1168 Catulus,

70 1177 165 1238 huius
181 1177 305 1257 collegae
317 1186 347 1240 el
360 1179 508 1240 familiaris
523 1169 618 1241 nos'tri
631 1189 726 1260 pater,
747 1179 845 1242 dilexit
859 1179 1037 1260 municipem
1053 1190 1138 1240 tuum

70 1261 230 1323 Roscium:
246 1263 277 1324 in
292 1281 380 1342 66666
395 1264 482 1324 ctiam
496 1264 567 1325 illud
582 1272 627 1326 est
641 1267 718 1326 cius:

178 1362 383 1435 Constitcrom,
400 1369 577 1426 cruciantem
592 1365 740 1428 durorum
754 1369 831 1447 sorte
846 1367 992 1437 solutores,

221 1465 310 1525 quum
325 1448 418 1507 subito
434 1467 452 1507 u
468 1449 552 1510 loeuo
566 1449 687 1510 Roscius
706 1455 849 1512 exoritur.

177 1529 252 1590 Pace
267 1529 340 1590 mitt
353 1531 449 1600 liceat,
467 1532 611 1604 coelestes,
633 1535 726 1594 dicere
741 1546 850 1608 oestro,

220 1614 355 1676 mortalis
370 1619 450 1676 visos
460 1614 617 1694 pulchrior
636 1635 694 1678 esee
710 1621 770 1678 deo.

68 1719 151 1779 Huic
166 1717 318 1795 pulchrior
333 1717 403 1777 deo:
426 1725 455 1776 at
470 1724 541 1790 erat,
558 1717 633 1776 sicut
647 1717 735 1777 hodie
750 1727 804 1791 est,
820 1717 1049 1796 perversissimis
1067 1735 1138 1778 ocu·
1183 1723 1186 1729 ’

68 1804 119 1864 lis.
144 1801 220 1875 Quid
236 1803 332 1868 refert,
349 1802 374 1862 si
389 1802 448 1862 hoc
461 1801 559 1880 ipsum
577 1802 687 1862 salsum
700 1801 741 1861 illi
756 1807 785 1862 el
799 1810 954 1862 venustum
965 1798 1137 1862 videbatur?

69 1887 175 1949 Redeo
197 1887 233 1946 ad
253 1887 333 1946 deos.
364 1887 495 1965 Ecquus,
511 1887 686 1946 sinentem
702 1886 865 1961 strabones,
880 1896 909 1946 at
922 1886 1055 1964 paetulos
1066 1905 1137 1970 esse
1155 1883 1196 1946 29

70 1970 274 2034 arbitramur?
294 1989 402 2050 coquos
416 1989 539 2032 naevum
554 1970 683 2032 hahere?
698 1991 808 2052 ecquos
826 1972 907 2044 silos
923 1972 1038 2044 daucos,
1054 1971 1145 2032 lron-·
1159 1977 1191 2028 80

70 2066 176 2128 tunes,
197 2057 359 2135 capitones,
382 2075 456 2134 quae
476 2064 544 2118 suut
564 2053 724 2118 innubis?
753 2057 798 2118 dn
816 2056 915 2118 omnia
936 2057 1087 2118 emendata
1107 2057 1138 2117 in

71 2139 155 2203 illis?
185 2141 273 2202 Detur
287 2141 316 2201 id
331 2141 423 2203 vohis.
454 2141 530 2202 Nom
547 2143 632 2201 etiam
649 2150 694 2203 est
707 2160 766 2210 una
782 2143 915 2203 omnium
930 2138 1039 2202 lacios?
1061 2141 1138 2206 Nam

72 2229 97 2288 si
116 2228 231 2306 plores:
247 2225 330 2286 aliam
346 2245 412 2287 esse
427 2226 480 2287 alia
495 2225 693 2306 pulchriorem
710 2245 831 2288 necesse
846 2237 899 2290 est.
929 2227 1020 2305 Igitur
1035 2228 1137 2308 oliqrds

72 2331 137 2372 nou
158 2311 374 2389 pulcherrimus
398 2310 479 2372 deus.
511 2311 542 2371 Si
562 2329 621 2372 una
637 2313 771 2373 omnium
791 2313 879 2374 lacius
900 2321 956 2386 est,
982 2313 1087 2374 llorere
1107 2313 1138 2371 iu

74 2397 155 2458 caclo
172 2395 356 2456 Academiam
371 2414 492 2456 necesse
508 2406 561 2456 est.
593 2395 624 2456 st
635 2396 714 2458 enim
728 2397 801 2457 nihil
815 2398 892 2458 inter
903 2397 990 2457 deum
1005 2404 1033 2456 et
1049 2398 1137 2457 deum

74 2550 149 2613 trite,
168 2549 243 2610 ward
259 2547 305 2595 mit
327 2546 390 2594 zwei
407 2545 579 2596 Fischlcihcru
634 2555 675 2598 ter
690 2563 745 2597 war
761 2547 853 2598 Consul
871 2548 894 2595 6.
912 2547 935 2595 J.
954 2546 1017 2609 652,
1035 2546 1086 2594 666
1098 2545 1138 2595 eiu
1173 2591 1175 2595 Α

75 2614 281 2666 stuttderFiisse
291 2613 451 2676 dorgestellt3
463 2613 579 2663 deshulh:
633 2615 777 2680 Epigrenun
794 2613 940 2675 desselben,
958 2611 1081 2661 cheulalls
1096 2611 1142 2661 nul

74 2684 225 2734 nutantibus
236 2681 357 2730 clar-cheno
370 2680 465 2730 belluis.
634 2682 706 2732 einen
725 2682 833 2730 schiiocu
851 2680 982 2742 Jiiugliug,
1004 2679 1074 2728 leucu
1092 2679 1140 2728 wir

110 2751 152 2800 79.
171 2751 321 2816 egregihuu
333 2748 495 2816 epheborum.
515 2747 580 2797 Dar·
635 2749 675 2799 hei
688 2747 785 2798 Gellius
797 2747 829 2798 N.
843 2748 873 2797 A.
885 2745 958 2810 XIX,
973 2747 997 2796 9.

76 2825 151 2869 noter
171 2818 227 2868 siud
249 2818 289 2866 die
314 2817 337 2864 iu
360 2817 406 2865 dcrr
429 2813 580 2881 Gyuruesien

76 2903 108 2937 zn
125 2884 387 2950 gemeinschaftlichcu
402 2882 538 2945 Uebnngeo
556 2883 580 2931 in

78 2951 323 3004 Geunssenschnlten
336 2951 493 3013 vereinigten
502 2949 580 3014 tung-

75 3022 189 3085 linga-zu
200 3021 344 3071 verstchon.

109 3091 246 3152 Alcaeum,
268 3089 315 3138 hen
332 3086 485 3137 Lesbischen
504 3084 580 3158 Lyri-

75 3157 130 3219 her,
146 3171 197 3206 vuu
210 3157 300 3205 desscu
316 3155 458 3205 erutischeu
473 3152 581 3204 chleh·

75 3232 117 3276 teu
139 3224 215 3275 thells
237 3219 376 3286 Zenguisse
397 3224 486 3284 reden,
509 3237 531 3272 z.
552 3221 579 3270 B.

76 3293 127 3343 Cic.
141 3291 272 3353 TusclV,
286 3290 326 3352 33,
341 3291 387 3356 71,
405 3289 481 3340 theils
498 3289 580 3352 eiuige
670 3278 723 3339 29.
750 3288 790 3340 80.
810 3291 944 3340 strabones
965 3316 997 3324 -
1048 3285 1137 3335 elutos.

75 3360 228 3425 Fragmeute
242 3357 354 3409 crhnlten
368 3359 431 3408 siud.
637 3356 720 3406 Schol.
735 3357 808 3422 Cruq.
827 3372 858 3405 zu
872 3355 931 3404 llor.
945 3355 998 3402 Sat.
1028 3388 1034 3412 ‚
1052 3349 1075 3409 3,
1090 3349 1136 3408 44:

109 3430 189 3478 hedua
211 3427 266 3478 coll.
288 3430 315 3476 et
327 3428 398 3492 soon.
416 3427 515 3476 uestri:
537 3425 581 3474 des
598 3429 618 3466 δ
636 3424 883 3487 otruhoda'ce'turqui
891 3413 1136 3479 estuotorcisooute,

77 3499 139 3546 uuch
154 3496 223 3560 jctzt
239 3495 361 3544 lebeudeu
378 3494 428 3542 nud
441 3508 487 3542 nus
500 3493 581 3542 wohl·
634 3498 728 3560 paetus
739 3496 836 3549 autern,
850 3490 893 3552 qui
903 3489 945 3535 est
957 3483 1034 3534 oeulz's
1045 3481 1136 3532 unser

76 3564 227 3614 helanuten.
260 3562 318 3624 Vgl.
336 3561 365 3626 ll,
384 3561 407 3623 2,
426 3560 450 3610 6.
484 3562 514 3611 de
532 3559 581 3610 Off.
636 3560 779 3620 declinato,
804 3557 893 3618 eroque
915 3553 964 3602 huc
982 3555 1060 3630 atque
1078 3549 1138 3600 illuc

76 3629 234 3696 111,16,26;
260 3629 334 3694 Coto,
349 3630 424 3680 huius
437 3627 582 3680 66616106-
636 3627 753 3677 celantur
780 3621 922 3673 uoluuntur.
947 3647 981 3654 —
1014 3620 1057 3669 Bcr
1082 3618 1138 3668 deur

79 3703 145 3751 tonis
161 3703 245 3766 pater.
273 3697 390 3748 Gemeint
406 3697 441 3746 ist
457 3696 487 3762 Q.
505 3696 582 3746 Lute-
635 3695 695 3756 fulg.
709 3707 773 3757 poue
789 3691 888 3740 suntin
898 3688 970 3738 notis
982 3687 1083 3737 werden
1097 3687 1138 3737 die

77 3767 127 3816 tius
140 3765 170 3831 Q.
184 3765 213 3816 F.
225 3764 254 3830 Q.
266 3764 297 3816 N.
308 3765 418 3829 Catulus,
431 3763 524 3814 Consul
537 3765 581 3813 des
636 3760 712 3810 durch
724 3760 765 3808 die
777 3759 1032 3821 vorhergegnngeuen
1045 3755 1139 3806 Wurte

78 3835 100 3883 J.
122 3833 171 3884 hid
194 3835 244 3884 und
265 3833 369 3896 Collcge
391 3834 435 3882 des
456 3831 530 3882 Cotto
548 3831 581 3880 im
635 3826 814 3878 bezeichoeteo
835 3824 1029 3889 Elgeuschaltcu
1056 3823 1136 3888 (uitia)

77 3901 219 3954 Pontificnt.
245 3901 304 3952 Scio
323 3899 517 3965 gleichuamiger
528 3897 580 3949 Va·
635 3896 796 3947 verstenden.
821 3893 879 3958 Vgl.
892 3892 921 3959 Π,
935 3891 957 3960 8,
970 3893 1011 3944 21.

669 2848 762 2896 munic.
781 2850 856 2896 tuum
872 2845 1005 2896 duculum:
1028 2845 1074 2894 den
1096 2845 1140 2896 he·

636 2915 750 2963 riihmten
771 2912 890 2964 Romilrcr
906 2913 935 2979 Q.
954 2911 1073 2976 Roscius,
1098 2911 1140 2966 lrir

636 2983 683 3032 den
705 2983 769 3031 noch
791 2982 846 3032 eine
866 2981 1139 3046 Verthcidigungsrede

636 3048 747 3100 Cicero's
758 3051 901 3100 vorhondeu
912 3051 954 3114 ist,
966 3051 1016 3100 und
1026 3049 1079 3114 der,
1089 3051 1138 3100 wie

636 3117 763 3181 Velleius,
781 3134 826 3168 aus
845 3119 900 3168 dem
917 3117 1077 3184 Municipium
1088 3118 1139 3168 Ln-

636 3187 736 3236 nuvinm
749 3187 865 3250 gehiirtig
876 3201 939 3236 war.
