2646 4334
191 265 233 328 33
546 257 590 311 nn
608 255 746 310 urruns
763 256 902 312 nnonnu
1005 291 1007 300 .

141 430 172 481 lt
192 435 351 499 permagna
372 413 527 476 dissensio.
557 412 665 474 Verum
679 412 739 472 boc
753 410 835 494 elias:
854 429 935 473 nuno
949 410 1028 490 quod
1044 411 1211 491 coepimus,
1233 412 1260 474 si

192 501 315 563 videtur.
346 499 416 560 Mihi
431 518 516 572 reno,
537 497 633 577 inquit
647 497 743 569 Cotta,
763 498 884 558 videtur.
915 497 973 558 Sed
988 506 1021 557 ut
1035 495 1085 556 bic
1099 496 1149 576 qui
1164 498 1259 559 inter-

152 587 155 594 “
192 586 282 658 venit,
305 589 370 662 (me
385 584 534 660 intuens)
549 601 587 644 ne
603 583 718 662 ignoret
732 601 805 661 quae
821 601 869 642 res
885 590 999 660 agatur:
1019 581 1173 644 denatura
1189 601 1260 662 age-

191 671 297 732 bamus
313 671 451 746 deorum3
471 689 544 750 quae
564 686 654 749 quum
670 666 742 728 mibi
761 667 906 729 videretur
919 666 1108 746 perobscura,
1129 675 1162 729 ut
1176 687 1259 730 sem-

191 773 246 836 per
260 755 351 818 videri
365 756 451 829 solet,
467 754 585 834 Epicuri
598 773 632 815 er
638 753 744 814 Velleio
758 752 928 834 sciscitabar
939 751 1121 814 sententiam.
1144 753 1259 844 Quam·

193 842 311 916 obrem,
330 841 438 922 inquit,
459 839 560 912 Vellei,
580 837 638 900 nisi
658 838 815 900 molestum
831 845 887 910 est,
906 845 1005 917 repete
1019 857 1092 916 quae
1107 857 1258 919 coeperas.

193 960 235 972 -
250 925 392 1006 Repetam
407 945 491 1000 vero,
511 943 687 1005 quamquam
703 941 765 985 non
779 922 865 996 mihi,
884 923 937 982 sed
952 922 1004 984 tibi
1018 923 1067 984 hic
1081 924 1159 985 renit
1173 925 1258 986 adiu-

192 1019 249 1073 tor.
279 1012 375 1074 Ambo
391 1011 485 1083 enim,
506 1010 602 1089 inquit
621 1008 767 1082 arridens,
786 1008 822 1068 ab
838 1008 941 1094 eodem
956 1007 1080 1069 Philone
1094 1009 1167 1070 nibil
1183 1009 1259 1070 scire

193 1095 347 1158 didicistis.
379 1096 457 1156 Tum
477 1113 546 1172 ego,
563 1093 638 1166 Quid
655 1092 856 1166 didicerimus,
876 1093 960 1154 Cotta
974 1092 1090 1155 viderit:
1109 1103 1258 1156 tuentem
1319 1132 1320 1135 =

192 1183 263 1242 nolo
284 1180 446 1251 existimes,
466 1197 515 1240 me
534 1178 698 1238 adiutorem
717 1178 786 1239 huic
804 1178 933 1250 venisse,
955 1179 1008 1240 sed
1028 1179 1208 1253 auditorem,
1230 1190 1260 1242 et

193 1264 311 1344 quidem
331 1282 472 1343 aequum,
492 1261 583 1324 libero
606 1262 728 1335 iudicio,
748 1264 826 1326 nulla
845 1263 989 1325 eiusmodi
1008 1264 1183 1326 adstrictum
1203 1285 1259 1327 ne-

193 1348 338 1419 cessitate,
351 1356 383 1407 ut
394 1347 475 1419 mibi,
488 1347 574 1408 velim
585 1347 687 1420 nolim,
700 1348 738 1409 sit
750 1356 827 1410 certa
839 1347 984 1428 quaedam
991 1351 1258 1412 tuendaseutentia.

154 1439 175 1498 8
278 1432 354 1494 Turn
370 1432 494 1494 Velleius
509 1433 633 1494 tidenter
648 1451 733 1506 sane,
750 1441 782 1495 ut
796 1434 892 1495 solent
906 1435 968 1506 isti,
988 1434 1060 1494 nibil
1076 1443 1136 1496 tam
1151 1455 1258 1498 verens

140 1531 171 1582 18
192 1535 280 1593 quam
304 1534 342 1577 ne
366 1516 498 1579 dubitare
521 1518 617 1598 aliqua
643 1514 682 1580 de
704 1539 736 1581 re
756 1518 916 1590 videretur,
940 1526 1088 1599 tamquam
1108 1520 1202 1581 modo
1223 1541 1258 1582 ex

192 1606 315 1664 eteorum
331 1601 454 1664 concilio
470 1611 499 1664 et
514 1623 549 1664 ex
562 1603 682 1682 Epicuri
697 1604 903 1666 intermundiis
916 1603 1125 1676 descendisset,
1140 1606 1259 1680 Audite,

191 1687 302 1766 inquit,
328 1706 391 1749 non
416 1690 513 1752 sutiles
539 1690 815 1770 commenticiasque
840 1689 1011 1762 sententiae,
1037 1708 1099 1751 non
1119 1691 1257 1770 opilicem

191 1772 465 1854 aedificatoremque
484 1775 601 1846 mundi,
622 1775 752 1835 Platonis
774 1775 809 1834 de
826 1774 946 1834 Timaeo
966 1775 1069 1837 deum:
1090 1793 1145 1837 nec
1166 1794 1256 1837 anum

227 1941 267 1991 ll.
302 1942 404 1994 Verum
428 1945 476 1994 boe
503 1943 575 1992 olias.
617 1941 695 2005 „Non
749 1944 1006 2009 molestantium,
1024 1943 1088 1994 mirol
1102 1946 1183 1994 scire:
1206 1945 1258 1994 nod
1308 1339 1321 1929 Ι

191 2009 256 2060 male
281 2009 414 2060 subaudias
440 2011 616 2074 tractatum,
642 2011 693 2059 etsi
750 2009 865 2060 Laetant.
883 2009 924 2075 ΙΙΙ,
945 2011 988 2060 tt:
1006 2012 1072 2062 Haeo
1086 2011 1256 2074 (Academia)
1308 1964 1320 2672 ἱ

191 2078 237 2127 boo
258 2078 290 2127 ed
310 2077 389 2126 libros
412 2078 442 2126 de
466 2078 568 2127 Finibus
590 2083 695 2142 spectat,
749 2077 812 2130 nibil
830 2077 914 2142 docet,
938 2081 993 2130 nist
1010 2085 1041 2130 ut
1058 2081 1127 2131 seiae
1148 2083 1174 2130 te
1193 2081 1260 2130 nibil

183 2143 239 2195 ium
259 2152 311 2196 tum
332 2144 471 2196 absolutos.
511 2145 599 2195 Cicero
621 2145 695 2208 euim,
750 2148 824 2198 τοτ’τα.

179 2217 265 2279 ‘quum
274 2213 425 2264 Bulbwbnec
434 2213 510 2262 verba
524 2212 619 2276 tribuit,
632 2213 696 2263 mori
784 2203 816 2266 8.
841 2214 880 2264 18.
899 2219 926 2264 et
940 2232 975 2266 eo·
990 2215 1015 2266 E
1028 2218 1098 2266 τὀατί
1111 2218 1257 2267 iateranen-

190 2287 288 2331 tantnm
302 2281 424 2346 dialogico
438 2280 558 2343 inservit,
573 2296 621 2329 non
635 2278 696 2332 iacit
749 2282 809 2334 diis.
832 2283 877 2332 bia
890 2282 984 2348 Copula
1002 2232 1058 2345 sige
1072 2283 1129 2332 eine
1146 2285 1257 2350 speciel-

192 2349 262 2414 qnasi
283 2349 376 2400 oblitus
395 2365 422 2399 se
440 2365 488 2398 non
508 2348 575 2416 loqui
588 2349 695 2414 ipsum.“
750 2352 805 2402 lore
825 2350 1000 2412 Bezeicbnnng
1020 2366 1052 2400 an
1074 2350 1129 2400 dem
1147 2353 1256 2402 hervor-

191 2415 221 2467 F.
233 2417 264 2466 lt.
278 2417 371 2468 Wolf.
750 2419 879 2484 schenden
891 2417 1069 2481 allgemeinern
1080 2417 1213 2470 Ausdruek
1222 2437 1258 2471 ea:

224 2501 266 2536 me
285 2489 394 2536 inmens.
440 2479 621 2554 ,Hupevdrixp
642 2491 694 2535 est:
750 2487 857 2538 ατονααι
878 2485 991 2538 coemtio.
1022 2486 1091 2536 Denn
1109 2487 1133 2537 in
1153 2488 1201 2538 deu
1217 2491 1256 2540 r'o-

181 2523 578 2673 ‘pitheppehmABlipkel'aplpiebP
600 2551 694 2671 Wpli.
749 2554 900 2674 peropppprtb
925 2555 1043 2674 pioppteu
1069 2556 1133 2674 appoh
1157 2556 1257 2676 Epplpur

215 2636 296 2671 eno
348 2638 402 2673 ca.
509 2637 585 2674 :earn
655 2637 696 2670 ern
765 2638 788 2672 re
826 2639 901 2673 oer.
954 2639 1068 2674 renem
1103 2639 1175 2673 urnen
1227 2641 1256 2675 er

190 2687 225 2740 od
238 2689 306 2739 Ιιααο
316 2692 402 2759 ipsum
416 2659 569 2754 (ine'autem
605 2691 694 2750 'ceddi
748 2690 881 2741 iibersetzt
892 2639 1052 2742 Cicerosbier
1068 2692 1117 2740 und
1135 2692 1166 2742 de
1179 2691 1254 2743 Finn.

190 2756 316 2822 quaedem
331 2761 443 2810 instituti.
473 2758 510 2808 Ile
527 2758 599 2809 Finn.
618 2757 647 2821 V,
666 2755 694 2822 3,
748 2758 777 2825 ΙΙ,
801 2757 846 2822 23,
871 2759 903 2808 75
927 2759 977 2808 wie
1000 2760 1063 2808 aucb
1087 2760 1196 2808 nncbbet·
1223 2761 1255 2810 de

191 2823 218 2873 7:
231 2823 285 2885 Ιιοο,
298 2827 450 2891 inanitum
461 2827 693 2896 potestteiendrbe,
749 2827 831 2878 Divin.
853 2826 880 2890 ΙΙ,
904 2827 943 2889 17,
965 2825 998 2874 40
1024 2827 1068 2876 das
1091 2825 1255 2878 Griecbiscbe

225 2907 270 2942 ανι
284 2893 324 2942 Ιαό
336 2893 418 2944 adsit:
434 2910 476 2943 αιο
489 2900 576 2945 autem
588 2895 694 2945 αιόοὸαἰ.
748 2888 939 2963 praecoepere,
957 2893 980 2942 d.
994 2894 1017 2942 b.
1034 2888 1067 2944 τὰ
1084 2889 1187 2962 μεταξὺ
1205 2891 1256 2948 κό-

202 2967 295 3010 soorat.
308 2959 411 3010 Puuatb.
430 2976 452 3010 o.
471 2961 515 3011 85:
533 2957 568 3011 σὺ
578 2960 632 3030 μὲν
644 2977 695 3012 τιε-
750 2976 830 3042 opor
842 2954 1020 3028 διαστήματα
1033 2961 1193 3026 (neopum,
1202 2963 1255 3030 89),

191 3030 311 3090 ποίησαι
329 3024 393 3084 τοὺς
404 3023 580 3098 Ιόγοας(ἐμὲ
592 3029 693 3095 λέγων)
750 3031 790 3080 dre
811 3029 1031 3080 Zwisebenriiume
1055 3030 1180 3080 zwiscben
1206 3032 1255 3082 den

192 3090 230 3150 ὡς
241 3089 277 3147 ἂν
288 3089 394 3147 ἅπαντ’
408 3089 626 3166 ἀποδεχομένου
638 3113 696 3166 μου
750 3113 798 3148 von
820 3097 869 3146 ihm
890 3112 1099 3160 nugenommenen
1119 3099 1254 3149 unendlieb

190 3157 332 3215 τάκείνων.
357 3163 429 3214 Mebr
441 3164 521 3228 dergl.
536 3179 557 3214 s.
567 3163 695 3214 nulsaeus
749 3165 831 3216 vielen
845 3163 958 3215 Welten.
983 3165 1008 3216 S.
1022 3171 1098 3216 unten
1116 3183 1138 3216 o.
1155 3166 1196 3230 20,
1212 3166 1254 3217 53.

141 3236 146 3244 “
191 3229 284 3297 pact.
783 3231 901 3284 Plutonis
919 3231 950 3284 de
970 3233 1072 3286 Timaeo
1089 3233 1174 3285 deum.
1209 3234 1255 3286 Ti-

224 3302 257 3350 od
278 3299 365 3350 eodem
383 3299 496 3352 Plrdone.
531 3297 602 3350 Weil
622 3299 695 3350 beide
750 3316 848 3352 meeum
861 3315 906 3350 aue
929 3301 1003 3352 Locri
1028 3303 1051 3352 in
1076 3302 1253 3370 Unteritalien,

192 3368 264 3418 einen
288 3369 338 3418 und
362 3367 498 3418 denselben
522 3383 579 3418 auin
599 3367 696 3418 Lebrer
749 3369 788 3419 ein
802 3368 982 3436 Pythagoram,
999 3371 1088 3422 dessen
1106 3369 1257 3423 Unterricbt

192 3436 695 3503 gebabt:eodoeooterquemwietroaet',
748 3438 811 3488 auch
835 3437 907 3488 Plato
936 3454 1061 3502 genossen
1091 3439 1170 3489 baben
1196 3441 1255 3506 soll,

192 3503 472 3555 Uebeerilos.zuo.
487 3503 547 3568 3,t.
750 3507 810 3556 naeb
834 3503 885 3555 Cic.
910 3506 940 3556 de
965 3506 1069 3573 Republ.
1094 3505 1118 3571 Ι,
1145 3507 1183 3569 10,
1212 3509 1254 3559 16.

225 3572 290 3622 nibil
304 3575 370 3624 οαίτο
384 3573 516 3624 didicistis.
539 3570 610 3622 wau
626 3571 695 3622 niinr·
748 3572 820 3623 Pluto
846 3573 912 3624 lisst
933 3574 974 3625 ibn
999 3575 1023 3625 in
1045 3576 1099 3626 deun
1120 3576 1181 3625 nacb
1203 3577 1253 3628 ibnr

190 3637 240 3686 lieb
270 3640 316 3688 der
341 3641 509 3691 Akademilrer
533 3642 570 3691 sie
595 3640 696 3703 gelebrt
748 3642 888 3692 benannten
910 3641 999 3706 Dialog
1022 3643 1092 3695 scine
1113 3641 1253 3695 Ansicbten

191 3705 274 3769 batte,
297 3708 355 3757 dass
372 3723 400 3758 es
417 3710 556 3774 iiberbuupt
571 3723 617 3771 gar
635 3708 694 3758 lrein
749 3709 812 3762 iiber
829 3709 890 3760 Gott
906 3711 955 3760 und
974 3709 1013 3760 die
1024 3709 1191 3778 Ernebaliuog
1207 3715 1254 3763 der

191 3771 295 3823 Wissen
312 3775 384 3838 gebo.
411 3776 523 3828 Woblin
536 3777 696 3840 Erinnernug
749 3777 823 3828 Welt
843 3786 995 3842 vertragen3
1016 3779 1065 3832 und
1086 3780 1145 3829 duas
1163 3781 1187 3828 in
1207 3782 1254 3830 der

190 3855 221 3890 an
243 3842 313 3892 diese
335 3842 416 3894 Stella
438 3853 496 3908 sapt
515 3846 577 3895 aucb
599 3844 696 3895 Seneca
751 3844 817 3895 'l'but
845 3846 896 3895 viel
925 3841 1168 3914 Pytbnp'ordisebes,
1197 3865 1253 3902 was

191 3908 264 3976 epist.
282 3909 326 3961 88:
347 3911 498 3964 Academici
512 3927 604 3965 αονονι
621 3911 696 3964 indu·
750 3911 867 3964 Timaeus
896 3914 1017 3966 wirlrlicb.
1044 3915 1144 3978 gelebrt
1172 3917 1252 3970 baben
