2622 4326
454 198 514 250 cu.
526 197 545 249 1.
573 197 753 250 canaam.
1005 278 1007 286 γ
1093 203 1131 266 81

74 352 169 416 cebas.
204 353 336 436 Quorum
367 353 392 413 si
416 369 505 413 nemo
529 371 632 413 verum
650 353 722 415 vidit
741 353 777 414 de
796 363 899 420 natura
919 355 1058 427 deorum,
1085 374 1134 416 ve-

73 439 197 500 rendum
220 447 277 511 est,
295 457 340 514 ¹ue
360 437 438 498 nulla
457 437 500 498 sit
515 437 647 498 omuino.
674 437 747 497 Nam
768 438 837 511 ista,
865 449 938 519 qu'ae
957 458 1010 500 vos
1031 439 1134 514 dicitis,

74 532 143 586 sunt
157 531 220 584 tota
235 522 451 596 commenticia,
471 523 518 583 vix
533 522 618 600 digua
634 522 835 583 lucubratione
849 524 1036 586 anicularum.
1067 523 1135 585 Non

72 609 151 669 enim
176 607 305 682 sentitis,
331 625 418 687 quam
436 607 528 668 multa
546 607 629 684 robis
649 607 833 686 suscipienda
853 609 924 682 sint,
949 609 975 668 si
994 603 1133 688 impetra-

70 693 152 766 ritis,
172 701 205 758 ut
220 693 414 754 concedamus
430 692 552 752 eandem
566 691 720 754 bominum
737 711 803 752 esse
819 700 847 752 et
862 694 983 753 deorum
1000 695 1132 770 liguram.

71 777 180 838 Omnis
197 778 291 840 cultus
307 785 335 838 et
349 777 459 838 curatio
476 776 611 856 corporis
626 777 682 837 erit
692 777 792 837 eadem
805 777 966 838 adhibenda
978 778 1043 848 deo,
1060 795 1134 856 quae

70 863 230 923 adhibetur
242 862 370 922 bomini:
386 861 548 940 ingressus,
562 881 675 936 cursus,
687 861 840 936 accubitio,
855 861 1013 934 inclinatio,
1030 861 1133 936 sessio,

69 947 316 1026 comprehensio,
336 947 369 1008 ad
386 955 549 1008 extremum
569 947 654 1031 etiam
671 965 769 1006 sermo
790 955 819 1007 et
833 946 936 1006 oratio.
966 946 1038 1007 Nam
1054 947 1134 1025 quod
1154 954 1187 1005 95

68 1040 98 1092 et
119 1050 220 1092 mares
247 1033 317 1094 deos
338 1040 366 1093 et
386 1031 509 1094 feminas
535 1051 600 1093 esse
620 1031 728 1105 dicitis,
755 1032 824 1111 quid
845 1039 996 1111 sequatur,
1023 1031 1134 1092 videtis.

67 1116 216 1195 Equidem
229 1117 326 1178 mirari
340 1117 410 1178 satis
422 1135 484 1178 non
501 1135 634 1196 possum,
650 1116 729 1178 unde
741 1117 776 1177 ad
788 1117 859 1177 istas
872 1115 1028 1196 opiniones
1040 1124 1136 1178 vester

68 1201 116 1261 ille
133 1201 271 1280 princeps
286 1201 404 1263 venerit
442 1202 498 1262 Sed
515 1203 638 1263 clamare
652 1220 714 1262 non
730 1202 861 1262 desinitis
877 1201 1062 1262 retinendum
1077 1201 1135 1262 boc

70 1305 147 1358 esse,
163 1285 235 1346 deus
251 1294 283 1346 ut
297 1287 399 1350 beatus
415 1287 646 1365 immortalisque
661 1286 708 1348 sit.
739 1287 814 1360 Quid
830 1295 925 1348 autem
943 1287 1056 1360 obstat,
1073 1305 1131 1365 quo

69 1371 174 1430 minus
195 1370 233 1428 sit
251 1370 369 1444 beatuS,
390 1369 415 1428 si
433 1388 495 1429 non
514 1371 552 1429 sit
570 1369 675 1450 bipes?
699 1379 748 1431 aut
766 1371 834 1444 ista,
856 1373 916 1432 sive
934 1371 1054 1438 beatitas
1075 1371 1135 1432 sive

69 1453 226 1514 beatitudo
243 1452 365 1512 dicenda
380 1461 438 1524 est,
461 1458 629 1531 (utrumque
645 1455 767 1515 omniuo
783 1457 903 1528 durum,
919 1455 970 1515 sed
985 1475 1042 1516 usu
1057 1456 1133 1515 mol·
1174 1472 1249 1532 ‘ts'

68 1535 272 1598 lienda'nobis
294 1536 380 1596 verba
395 1539 475 1612 sunt)
496 1556 597 1598 verum
617 1557 665 1611 ea,
686 1557 883 1617 quaecumque
897 1547 954 1611 est,
974 1559 1026 1599 eur
1041 1548 1089 1599 aut
1104 1539 1135 1599 in

70 1624 167 1683 solem
183 1621 264 1682 illum
275 1630 329 1682 aut
344 1621 373 1681 iu
395 1621 474 1680 buno
488 1622 630 1682 mundum
647 1630 695 1681 aut
714 1623 743 1681 in
758 1623 881 1700 aliquam
897 1632 1025 1683 mentem
1041 1631 1134 1682 aeter-

69 1727 159 1778 nam,
180 1707 271 1782 ligura
292 1705 492 1784 membrisque
513 1706 647 1784 eorporis
667 1725 800 1778 vacuam,
821 1708 923 1766 cadere
938 1724 1000 1766 non
1015 1703 1135 1785 potest?

70 1791 154 1852 Nibil
168 1791 243 1851 aliud
261 1790 333 1860 dicis
348 1789 417 1861 nisi,
432 1808 593 1868 numquam
609 1789 665 1850 vidi
681 1790 774 1850 solem
789 1798 838 1850 aut
853 1790 996 1851 muudum
1008 1790 1133 1851 beatum.
1156 1797 1188 1848 96

72 1872 175 1949 Quid?
196 1875 339 1936 mundum
356 1882 469 1954 praeter
483 1876 562 1935 bunc
576 1892 757 1954 umquamne
772 1873 890 1936 vidisti?
916 1875 1050 1954 Negabis
1077 1874 1136 1936 Cur

72 1961 163 2040 igitur
182 1978 242 2021 nou
269 1967 403 2020 sexcenta
429 1959 516 2020 millia
535 1979 600 2020 esse
625 1960 819 2034 mundorum,
845 1961 896 2021 sed
916 1959 1138 2020 innumerabilia

72 2064 166 2106 ausus
182 2065 213 2104 es
230 2042 348 2106 dicere?
378 2043 476 2117 Ratio,
497 2045 609 2124 inquis,
632 2045 739 2105 docuit.
769 2045 846 2124 Ergo
867 2045 925 2106 boc
939 2053 967 2106 te
982 2045 1057 2105 ratio
1074 2062 1135 2106 non

73 2130 212 2202 docebat,
228 2149 318 2208 quum
334 2129 586 2207 praestantissima
600 2137 706 2190 natura
719 2137 886 2208 quaeratur,
902 2149 992 2209 eaque
1006 2129 1090 2192 beata
1106 2140 1135 2190 et

74 2223 208 2286 aeterua,
229 2233 302 2294 quae
317 2215 378 2274 sola
394 2213 490 2275 diviua
509 2224 613 2276 natura
628 2223 686 2287 est,
706 2225 739 2276 ut
752 2215 969 2276 immortalitate
984 2215 1134 2276 vincamur
1166 2221 1175 2230 “

72 2298 107 2360 ab
124 2317 160 2360 ea
174 2307 290 2372 natura,
312 2299 354 2359 sic
369 2298 458 2360 animi
478 2295 653 2378 praestantia
671 2299 761 2373 vinci,
782 2309 868 2379 atque
888 2307 920 2360 ut
939 2299 1042 2370 animi,
1064 2299 1134 2359 item

107 2483 152 2534 94.
194 2483 368 2534 tacuerannne
409 2484 577 2535 anicularum.

73 2551 152 2602 Nicbt
171 2549 227 2600 bles
246 2550 362 2613 Studien,
385 2551 493 2599 soudern
515 2552 578 2600 aueb

23 2661 27 2670 .
74 2619 259 2670 llaudarbeiteu
276 2617 322 2665 der
336 2616 440 2665 Weiber
456 2617 495 2666 bei
507 2617 579 2667 Licbt

74 2689 175 2738 beissen
189 2685 392 2736 latendrationas:
411 2684 450 2732 bei
463 2684 549 2734 Livius
561 2685 577 2749 l,

76 2757 106 2806 bi
124 2755 204 2804 findet
222 2753 249 2802 S.
263 2750 413 2816 Tarquinius
431 2752 470 2800 die
487 2751 580 2800 Lucre-

75 2821 354 2873 tias'ntcrlueubrantes
363 2819 579 2869 ancillmsitzend.

75 2887 120 2927 —'
134 2889 208 2939 Cotta
229 2896 286 2951 sagt
305 2888 372 2950 also,
393 2887 502 2952 Epilurs
520 2886 581 2935 llin-

76 2957 140 3008 idlle
161 2957 225 3006 iiber
244 2957 283 3006 die
305 2954 398 3006 Gb'tter
418 2955 487 3004 scien
508 2954 582 3004 kaurn

76 3025 119 3076 l'uir
137 3024 306 3090 Spiunstubeu
327 3024 395 3073 alter
411 3021 517 3074 Weiber
536 3029 582 3086 gut

77 3107 168 3156 geuug.

111 3160 176 3211 dena
196 3163 227 3210 ut
240 3187 275 3196 -
291 3161 328 3210 stt
338 3173 359 3208 s.
377 3175 402 3208 v.
420 3158 459 3208 als
479 3162 510 3210 ul
526 3175 582 3208 asse

77 3232 219 3280 statuane.
244 3227 270 3277 S.
283 3242 315 3276 au
328 3243 349 3276 e.
361 3226 385 3290 9,
398 3225 439 3276 21.
453 3226 494 3287 at,
507 3227 547 3276 75.
594 3237 604 3260 ³

111 3297 214 3360 duram,
226 3295 334 3344 norweil
342 3293 582 3358 anchangebriiucb-

77 3365 140 3414 licb:
165 3370 237 3414 suast
257 3363 292 3412 ist
312 3363 352 3412 die
372 3362 476 3425 Bildung
497 3362 583 3413 beider

77 3431 188 3482 Formen
201 3447 264 3494 ganz
282 3431 456 3493 unnnstdssig,
475 3431 523 3480 wie
539 3448 583 3481 ne·

79 3503 186 3550 cessitas
207 3500 255 3548 und
278 3497 453 3560 necessitudo,
478 3498 583 3549 alardus

79 3569 129 3618 und
146 3566 283 3628 elaribtdo,
300 3568 350 3615 und
367 3567 406 3614 die
423 3582 472 3616 von
485 3565 583 3617 Gellius

80 3635 143 3699 Xlll,
157 3635 173 3684 3
183 3634 358 3698 augeliibrteu,
371 3634 512 3700 suaseram,
522 3651 583 3684 san-

80 3705 186 3764 ctitudo,
199 3701 355 3762 acerbittcdo,
364 3701 490 3764 acritudo,
502 3703 580 3750 seben

80 3775 196 3822 suaa-nas
208 3777 257 3820 etc.
279 3770 347 3818 llucb
361 3769 491 3828 durn'tndo,
501 3769 583 3837 plani·

83 3839 154 3905 tudo,
175 3837 321 3901 saeca'tudo,
343 3837 487 3902 tarditatis,
504 3837 583 3888 easti-

134 3920 182 3966 Cie.
191 3921 218 3963 de
227 3920 278 3965 nar.
286 3919 348 3965 deor.
363 3916 385 3964 2.
396 3919 455 3965 nott.

632 2485 701 2536 teda.
740 2483 766 2532 S.
787 2483 885 2534 Ritscbl
906 2483 936 2532 de
958 2482 1029 2532 fictil.
1054 2481 1135 2528 litter.

632 2567 707 2666 pilli.
736 2614 941 2666 innumerabilia.
975 2613 1001 2662 S.
1026 2612 1088 2662 obeu
1114 2629 1135 2662 o.

633 2683 674 2746 20,
688 2683 729 2732 53.

668 2765 732 2817 quae
743 2751 799 2800 sola
810 2750 895 2800 dianna
909 2752 1004 2799 natura
1014 2751 1066 2798 eet:
1083 2763 1136 2798 was

634 2847 668 2856 -
681 2818 785 2868 udmlieb
804 2819 868 2880 salig
879 2817 929 2866 und
941 2816 1137 2880 ucvergiiuglicb

634 2915 670 2923 —
683 2902 730 2935 nur
746 2887 790 2935 das
807 2885 927 2948 gb'ttliebe
947 2883 1055 2949 Wesen,
1078 2885 1137 2934 bein

635 2955 757 3016 auderes,
781 2954 823 3003 ist.
857 2953 907 3002 Dos
928 2951 1051 3003 Neutrum
1074 2969 1138 3020 qnae

635 3023 735 3073 beziebt
751 3021 801 3070 sieb
818 3020 864 3071 aul
877 3021 917 3070 die
930 3021 1017 3070 beiden
1034 3021 1137 3072 Praedi-

636 3099 691 3140 eate
708 3092 781 3140 beata
798 3095 826 3140 et
843 3094 956 3140 aeterna.
980 3090 1073 3140 Stiinde
1091 3105 1139 3140 nur

636 3159 706 3208 ciues
718 3174 766 3208 von
779 3158 881 3222 beiden,
897 3165 963 3208 etun
974 3163 1091 3220 aeterna,
1109 3171 1137 3204 so

636 3227 723 3276 wiirde
736 3241 764 3276 es
777 3227 888 3276 beissen:
905 3225 974 3292 equod
988 3225 1043 3276 sola
1054 3224 1139 3272 dianna

635 3299 786 3356 naturaest,
799 3295 847 3344 wie
856 3295 887 3343 de
898 3293 968 3342 Finn.
983 3291 1024 3352 lV,
1038 3289 1079 3348 24,
1092 3287 1137 3365 bb:

636 3368 668 3416 tet
676 3367 730 3414 iam
743 3379 830 3413 omnes
840 3362 991 3424 insipientes
1003 3359 1139 3404 sintmase·

636 3427 965 3549 attitulante
982 3419 1139 3553 attere

835 3530 841 3540 .
913 3527 920 3552 ,
959 3524 964 3536 .
1000 3525 1006 3536 .
1064 3522 1070 3534 .

638 3572 722 3616 tamen
736 3567 793 3614 erat
808 3559 849 3608 ille
865 3573 896 3608 sa
913 3558 982 3605 ienis:
998 3557 1055 3620 quis
1073 3558 1139 3605 enim

637 3635 700 3682 boc?
723 3630 779 3690 Vgl.
801 3627 856 3675 Liv.
908 3621 969 3684 XX,
995 3621 1040 3672 30:
1067 3622 1141 3686 Quod

636 3701 702 3750 meina
720 3712 769 3760 ego
777 3697 829 3760 fni
846 3691 881 3744 ad
901 3689 1092 3754 Trasianennm,
1113 3690 1141 3742 id

637 3772 665 3818 tu
680 3763 755 3814 badia
770 3779 805 3812 es.
821 3789 857 3798 —-
884 3762 930 3811 Die
948 3760 1139 3810 berllimmlicbe

635 3833 727 3884 Lesart
738 3846 846 3882 uuserer
857 3829 938 3880 Stella
945 3868 952 3892 ‚
964 3833 1027 3880 sanat
1037 3827 1080 3876 llic
1093 3829 1140 3890 een

924 3914 940 3964 6
