2646 4334
432 227 492 278 uro.
504 226 522 278 1.
550 227 620 278 car.
636 227 675 278 is.
691 227 729 278 ie.
745 229 784 278 ιτ.
1097 233 1138 292 57

84 398 138 442 noo
152 381 293 460 disputari
307 388 413 460 potest
444 380 534 442 Cuius
553 379 676 442 rationis
691 381 747 442 rim
761 389 848 462 atque
867 382 1020 444 utilitatem
1036 401 1071 444 ex
1086 381 1136 444 illo

81 465 195 526 caelesti
212 465 331 545 Epicuri
350 466 385 526 de
406 465 504 542 regula
520 473 549 524 et
567 465 674 526 iudicio
690 467 836 528 volumine
847 469 1022 547 accepimus.
1051 468 1137 540 Quod
1156 471 1195 533 17

79 549 167 627 igitur
186 551 408 612 fundamentum
427 550 515 610 huius
535 550 715 628 quaestionis
733 559 791 624 est,
817 552 846 613 id
866 553 1011 631 praeclare
1030 552 1137 613 iactum
1158 563 1191 614 44

79 634 191 696 videtis.
222 635 320 708 Quum
336 635 413 696 euim
428 653 489 695 non
510 635 642 696 instituto
663 636 758 715 aliquo
780 643 829 696 aut
848 655 932 696 more
951 645 1000 698 aut
1018 637 1080 714 lege
1100 637 1139 698 sit

79 719 180 798 opinio
197 719 364 790 constituta,
381 727 551 798 maneatque
567 720 604 781 ad
617 737 708 780 unum
721 719 854 781 omnium
869 721 953 780 firma
966 721 1137 781 consensio:

77 803 197 882 intelligi
219 821 339 866 necesse
353 812 473 864 estesse
488 805 575 878 deos,
596 806 732 884 quoniam
749 805 851 866 insitas
867 824 969 865 eorum
984 805 1029 865 vel
1039 805 1138 884 potius

76 887 197 948 innatas
217 888 398 967 cognitiones
424 889 575 950 hahemus
611 890 651 950 lle
672 909 730 969 quo
758 897 854 951 autern
876 889 1008 958 omnium
1035 896 1139 950 natura

76 973 241 1047 consentit,
260 973 288 1034 id
305 992 405 1036 verum
420 993 485 1035 esse
499 992 619 1064 neccsse
635 983 686 1036 est.
717 975 791 1036 Esse
805 975 892 1054 igitur
907 975 978 1034 deos
995 975 1138 1034 confiten-

75 1057 150 1117 dum
167 1066 220 1118 est.
252 1059 338 1131 Quod
354 1060 492 1137 quoniam
508 1061 568 1120 fere
583 1060 792 1124 constaljutor
807 1077 912 1120 omnes
928 1077 990 1118 non
1004 1059 1138 1138 philoso-

19 1167 21 1178 ’
73 1142 157 1220 phos
174 1143 283 1215 solum,
300 1145 352 1204 sed
368 1144 454 1204 etiam
470 1144 620 1205 indoctos:
640 1147 783 1207 fateamur
803 1154 937 1205 constare
956 1143 1025 1204 illud
1041 1143 1138 1217 etiarn,

73 1227 156 1287 hanc
170 1245 226 1287 uos
241 1227 348 1288 habere
364 1229 423 1288 sive
442 1229 694 1308 anticipationem,
716 1238 748 1290 ut
761 1237 829 1294 ante
844 1229 915 1302 dixi,
935 1229 995 1289 sive
1010 1246 1138 1308 praeuo-

73 1311 191 1370 tionem
207 1312 345 1372 deorum:
367 1316 449 1388 (sunt
463 1313 541 1374 enim
560 1314 648 1376 rebus
665 1315 750 1375 novis
765 1333 841 1374 nova
856 1313 993 1392 ponenda
1007 1312 1138 1386 nomina,

72 1403 104 1455 ut
116 1394 267 1472 Epicurus
278 1395 343 1471 ipse
354 1389 531 1478 πρόληψιν
537 1399 697 1476 appellavit,
710 1417 796 1477 quam
810 1406 891 1458 antea
903 1417 990 1458 nemo
1003 1417 1037 1458 eo
1049 1398 1137 1459 verbo

73 1477 247 1540 nominarat
254 1480 274 1554 z)
289 1478 366 1538 hauc
381 1478 467 1555 igitur
481 1479 636 1553 habemus,
657 1489 689 1542 ut
705 1483 777 1542 deos
793 1483 893 1542 beatos
909 1489 937 1542 et
955 1482 1137 1542 immortales
1159 1491 1191 1542 45

75 1572 228 1642 putemus
260 1563 341 1634 Quae
357 1563 435 1622 enim
451 1562 537 1622 nobis
553 1570 655 1624 natura
667 1565 902 1626 informationem
918 1567 1042 1625 deorum
1056 1557 1140 1643 ipso-

75 1667 146 1708 rum
161 1647 249 1717 dedit,
265 1648 365 1706 eadem
380 1646 537 1725 insculpsit
552 1647 583 1708 in
597 1649 753 1721 mentibus,
769 1657 801 1710 ut
812 1667 863 1708 eos
880 1657 1013 1709 aeternos
1029 1657 1056 1707 et
1070 1649 1140 1709 hea-

76 1741 128 1793 tos
144 1731 330 1792 haberemus.
361 1731 447 1802 Quod
464 1731 489 1791 si
509 1731 546 1792 ita
563 1743 620 1805 est,
643 1753 710 1794 vere
725 1734 855 1813 exposita
876 1732 921 1792 illa
937 1733 1082 1792 sententia
1097 1740 1142 1794 est

77 1817 114 1878 ab
134 1816 276 1895 Epicuro:
297 1817 373 1895 quod
389 1816 503 1876 demum
519 1826 722 1896 aeternumque
737 1823 787 1891 sit,
809 1819 839 1878 id
858 1836 909 1876 uec
924 1816 1033 1883 dolore
1045 1819 1141 1896 ipsum

78 1905 188 1981 capotii
211 1902 368 1980 quidquam
387 1919 438 1960 uec
459 1900 595 1961 eoltlere
620 1901 719 1962 alteri:
745 1907 953 1981 depactaeque
979 1905 1028 1961 iro
1051 1920 1141 1981 neque
1216 1953 1220 1968 .

79 1991 179 2064 pratia
194 1988 293 2056 teatert',
309 1986 399 2064 quod,
415 2004 487 2064 quac
503 1985 574 2046 tolia
590 1998 688 2058 esseut,
704 1986 849 2048 imbecillo
864 1997 956 2046 essent
970 1990 1077 2046 omnio.
1110 1985 1141 2045 Si

80 2070 154 2132 nihil
170 2070 246 2132 aliud
262 2088 480 2148 quaereremus,
500 2071 556 2130 nisi
572 2078 605 2130 ut
620 2072 691 2132 deos
706 2073 754 2150 pie
768 2072 929 2132 coleremus
944 2077 973 2130 et
987 2077 1020 2131 ut
1036 2089 1141 2151 super·

80 2239 145 2302 gelra
167 2238 217 2287 und
237 2253 269 2287 zu
291 2237 391 2288 Gruude
411 2238 507 2302 liegen,
528 2254 584 2303 ,was
637 2238 667 2302 Π,
686 2239 709 2305 2,
727 2239 750 2289 5.
770 2239 792 2306 4,
812 2239 856 2302 123
870 2241 982 2303 dagegeu
995 2238 1085 2303 aberl,
1099 2239 1140 2302 23,

80 2307 144 2356 auch
162 2306 203 2354 die
220 2305 279 2368 lolg.
293 2305 399 2366 Worte,
416 2307 473 2356 at'ne
490 2309 540 2372 qud
551 2335 586 2344 ἡ
639 2305 680 2358 62.

81 2377 215 2442 —potest
227 2373 342 2438 hosagen.
367 2372 424 2436 Vgl.
436 2373 503 2423 Sext.
513 2374 583 2440 Emp.
646 2371 651 2378 '
673 2391 749 2441 quom
764 2379 840 2425 melea
856 2389 939 2424 nemo.
963 2373 1009 2423 Die
1030 2373 1140 2434 Stoiker,

81 2442 138 2492 adv.
156 2439 235 2490 Math.
247 2439 266 2502 l,
280 2441 325 2490 57:
344 2433 406 2490 οὔτε
424 2441 511 2505 ζητεῖν
523 2435 585 2492 οὔτε
638 2444 716 2492 deren
733 2449 824 2505 sceler,
842 2441 924 2507 Zeno,
940 2439 1057 2504 Epiliur‘s
1070 2439 1141 2488 Zeit-

83 2504 202 2578 ἀπορεῖν
232 2505 291 2558 ἔστι
319 2503 387 2558 κατὰ
415 2503 465 2560 τὸν
493 2521 526 2558 σο
553 2504 586 2560 ὸν
639 2525 746 2573 genosse
763 2525 825 2570 war,
848 2508 984 2556 brouchten
1000 2507 1044 2554 das
1064 2504 1142 2555 Wort

80 2570 251 2644 Ἐπίκουρον
260 2567 325 2627 ἄνευ
336 2570 512 2693 προλέψεως.
561 2577 585 2625 ic
640 2578 664 2626 in
686 2576 815 2627 dholicher
836 2574 993 2634 Bedeutung,
1016 2572 1094 2620 haben
1113 2586 1141 2620 es

82 2643 184 2694 solcher
194 2643 290 2707 Bcgrill
296 2660 343 2693 von
354 2645 401 2693 der
429 2643 585 2693 ottheiteut-
639 2642 693 2693 also
712 2643 778 2691 wohl
790 2657 840 2691 von
854 2641 884 2690 ll.
901 2653 1088 2701 angenommen.
1113 2637 1139 2688 S.

83 2712 154 2761 stelae
168 2727 188 2760 s.
203 2728 225 2761 c.
240 2711 279 2772 19,
293 2712 333 2760 50.
640 2711 710 2773 Diog.
723 2707 752 2758 L.
765 2707 818 2771 Vll,
832 2707 872 2756 54.

116 2779 148 2830 de
167 2779 407 2845 regalitatiudicdo.
431 2777 500 2828 Naclr
513 2777 584 2856 Diop.
673 2777 715 2826 45.
742 2776 807 2825 doato
826 2776 911 2839 igitur
931 2773 1059 2824 dodonus.
1095 2773 1141 2823 Die

82 2847 111 2896 L.
129 2845 163 2909 X,
182 2847 214 2897 27
234 2847 299 2914 περὶ
311 2849 454 2914 κριτηρίου
467 2839 483 2910 ἢ
496 2860 587 2896 κανων
640 2845 716 2895 durch
727 2843 767 2892 die
777 2843 931 2894 Parenthese
941 2841 1142 2892 unterbroehenc

83 2916 106 2964 d.
122 2915 147 2964 h.
161 2914 223 2964 iiber
241 2915 285 2964 das
297 2912 519 2964 ltennzeiclreu
533 2914 588 2962 der
639 2914 689 2962 und
699 2909 1143 2976 mitigtturwiedersulgonommeue

83 2981 251 3032 Wchrlreit
281 2983 343 3032 odor
369 2981 586 3044 Richtschnur,
641 2977 759 3030 Structur
779 2980 855 3030 sollte
877 2995 939 3045 nun,
962 2978 1143 3030 inUoberein-

83 3050 188 3100 ndmlich
206 3051 252 3099 des
269 3049 420 3100 Urtlieilens.
448 3049 475 3098 ln
492 3049 587 3098 diesem
641 3049 774 3111 stimmuog
782 3048 828 3098 mit
837 3048 892 3097 dem
902 3061 1142 3110 voraogegaugeneu

82 3118 148 3167 Bucli
160 3124 221 3180 trug
234 3117 305 3182 Epik.
319 3117 388 3166 seiae
400 3117 482 3180 Logik
497 3132 551 3165 vor.
641 3115 777 3181 Satztlieil‚
795 3114 917 3165 eheoialls
933 3117 979 3165 den
992 3114 1038 3164 lul.
1051 3115 1144 3164 labem

118 3176 170 3236 Π.
189 3185 232 3236 44.
245 3187 518 3250 inuatoacognitioaes.
536 3182 588 3232 Aa·
642 3191 743 3246 setzen3
773 3184 835 3234 aher
858 3184 1016 3246 dergleichen
1041 3180 1143 3256 Abwei-

83 3253 193 3316 geborcu
215 3267 269 3302 war
287 3253 348 3302 nacla
367 3253 396 3301 Ε.
418 3253 458 3302 dic
481 3246 587 3318 πρόλη-
642 3253 754 3315 chungen
788 3253 849 3301 nach
884 3249 1053 3300 Parenthesen
1088 3245 1143 3294 sind

85 3329 133 3384 ψις
158 3322 239 3383 nicht,
266 3321 373 3369 soudern
400 3319 446 3369 aul
463 3319 502 3368 die
524 3319 588 3368 oben
642 3319 879 3381 cbeusoh'aiullgals
894 3314 1037 3365 erkltirlich.

83 3387 341 3452 angegebeneWeise
352 3387 587 3448 eatstanden,wes-
675 3391 706 3438 ab
719 3387 839 3456 Epicuro.
863 3383 946 3430 lndon
964 3394 1016 3440 sog.
1036 3377 1143 3442 κυρίαις

83 3471 171 3520 weges
189 3455 226 3504 sie
244 3456 307 3504 au‘ch
324 3455 364 3504 hei
381 3455 453 3518 Diog.
467 3454 495 3503 L.
509 3453 543 3516 X,
554 3451 586 3502 33
643 3451 738 3514 δόξαις
756 3458 785 3517 (s.
803 3469 823 3500 o.
843 3448 887 3510 30,
906 3446 952 3510 85)
972 3447 994 3494 d.
1012 3444 1035 3493 h.
1048 3441 1143 3508 Haupt·

82 3523 120 3572 ³¹⁸
132 3518 231 3593 μνήμη
243 3523 293 3572 τοῦ
306 3517 439 3578 πολλάκις
450 3521 588 3638 pdvk‘vws
642 3525 729 3574 stitzen
753 3521 837 3570 seiner
850 3515 944 3579 Lehre‚
966 3513 1005 3562 die
1023 3511 1094 3574 Diog.
1106 3511 1142 3591 L.

82 3591 232 3642 bezeichnet
249 3591 321 3640 wird.
349 3589 456 3641 Viclleic
474 3597 485 3640 t
500 3588 587 3638 wollte
641 3589 679 3651 X,
700 3583 1029 3636 139ff.aull1ewahrtl1at.
1056 3579 1144 3630 Glcrch

83 3659 142 3710 uber
155 3659 207 3710 Cic.
220 3659 283 3708 auch
297 3674 345 3708 our
357 3659 426 3708 diese
437 3663 588 3718 naturge·
640 3658 686 3706 der
698 3660 766 3703 erste
779 3651 928 3730 vonudieseu
938 3650 1030 3729 lautet':
1044 3643 1075 3697 τὸ
1088 3665 1144 3730 ppt:

82 3728 186 3777 iniisse
205 3727 406 3789 Entstelruug
427 3725 587 3774 bezeichnen.
641 3717 739 3789 eripior
760 3720 804 3768 καὶ
822 3724 973 3788 αφθαρτον
993 3733 1056 3768 ουτε
1076 3733 1144 3766 ariao

82 3793 140 3858 Vgt.
153 3793 183 3861 ll,
196 3795 220 3860 4,
236 3793 303 3844 1211.
316 3811 348 3843 zu
363 3794 402 3854 17,
416 3793 456 3842 45.
642 3783 795 3859 πράγματα
802 3784 855 3855 ἔχει
868 3779 930 3838 οὔτε
940 3779 1011 3852 dltp
1020 3786 1144 3854 παρέχει,

116 3862 144 3913 id
158 3877 250 3914 cerum
267 3877 322 3912 esre
338 3877 442 3912 necessa
460 3863 506 3910 oct.
531 3857 602 3921 vgr„
643 3851 713 3908 ὥστε
722 3849 784 3906 οὔτε
795 3849 891 3923 ὀργαῖς
901 3848 964 3907 οὔτε
968 3849 1070 3923 χάρισι
1080 3865 1144 3903 συν-

1242 3924 1279 3968 1
1303 3903 1304 3968 l
