2622 4326
189 267 249 328 146
360 258 362 266 ’
532 263 576 312 DE
595 261 734 314 NATURA
751 261 890 314 DEORUM

153 461 157 470 ι
187 418 330 480 litendum
351 423 404 476 est.
434 415 549 476 Etenim
565 415 614 494 qui
628 414 753 495 reliquas
768 423 888 476 naturas
904 431 1008 476 omnes
1023 433 1187 494 earumque
1202 436 1250 478 sc-

187 503 267 563 mina
286 501 446 573 contineat,
466 504 515 579 qut
534 508 633 579 potest
646 499 711 579 ipse
726 517 787 561 non
801 509 905 561 natura
919 497 1142 562 administrari?
1162 509 1211 574 ut,
1225 503 1249 562 si

187 587 236 667 qui
257 587 358 646 dentes
377 593 405 646 et
424 585 605 664 pubertatem
629 593 732 646 natura
751 585 828 646 dicat
849 584 1003 657 exsistere,
1030 583 1130 664 ipsum
1151 593 1248 646 autem

188 671 353 744 hominem,
373 671 419 731 cui
438 689 478 730 ea*
490 670 646 742 exsistant,
667 687 728 730 non
744 677 879 730 constare
894 677 1010 741 natura,
1026 687 1094 728 non
1109 669 1250 748 intelligat

188 775 235 828 ea,
263 772 336 833 quae
361 755 482 816 atterant
506 754 612 834 aliquid
632 773 667 814 ex
686 773 764 827 sese,
791 753 981 832 perfectiores
1001 753 1109 814 habere
1129 762 1249 816 naturas

135 845 343 920 3111111111,
364 857 437 917 quae
457 858 491 899 ex
510 838 545 899 iis
566 840 730 900 efferantur.
761 838 900 899 Omnium
921 845 1018 899 autem
1037 853 1155 911 rerum,
1176 859 1249 918 quae

188 933 290 986 natura
305 924 552 997 administrantur,
568 924 729 984 seminator
743 931 771 990 et
786 930 867 984 sator
880 930 908 983 et
919 919 1035 1003 parens,
1050 932 1084 993 ut
1094 924 1133 984 ita
1146 924 1247 996 dicam,

188 1017 273 1089 atque
287 1008 428 1070 educator
443 1017 471 1068 et
486 1008 560 1068 altor
573 1016 618 1068 est
631 1009 774 1083 muudus,
796 1007 951 1086 omniaque
972 1007 1048 1068 sicut
1066 1009 1203 1070 membra
1222 1018 1248 1070 et

187 1101 285 1174 partes
306 1113 374 1154 sues
395 1091 557 1154 nutricatur
571 1099 600 1151 et
615 1093 753 1154 continet.
784 1092 896 1166 Quodsi
911 1091 1015 1154 mundi
1029 1100 1129 1170 partes
1145 1099 1246 1154 natura

187 1177 435 1249 administrantur,
450 1194 571 1237 necesse
586 1184 631 1238 est
644 1177 787 1238 mundum
802 1177 900 1254 ipsum
916 1185 1019 1238 natura
1035 1177 1245 1240 administrari:

189 1262 271 1323 cuim
293 1261 409 1340 quidem
432 1260 646 1322 administratio
666 1261 738 1322 nihil
757 1261 844 1322 habet
862 1261 893 1321 in
912 1281 958 1334 se,
979 1262 1058 1340 quod
1073 1262 1245 1341 reprehendi

189 1346 300 1425 possit:
315 1365 349 1405 ex
363 1345 399 1406 iis
415 1346 492 1406 enim
507 1345 633 1419 naturiS,
649 1365 722 1424 quae
737 1348 827 1420 erant,
843 1346 923 1424 quod
938 1346 1013 1406 ellici
1029 1346 1177 1426 optimum
1192 1365 1245 1426 po-

139 1437 170 1488 87
189 1429 244 1490 tuit
268 1430 402 1491 ellectum
428 1437 482 1490 est.
529 1431 637 1492 Doceat
661 1449 730 1510 ergo
756 1430 860 1510 aliquis
886 1429 1020 1511 potuisse
1045 1431 1162 1500 meHus,
1192 1431 1245 1492 Sed

188 1532 276 1575 nemo
296 1533 436 1594 umquam
456 1515 584 1588 docebit,
603 1523 645 1588 et,
668 1514 778 1594 siquis
799 1515 943 1594 corrigere
964 1515 1072 1594 aliquid
1089 1516 1179 1588 volet,
1200 1522 1246 1576 aut
1299 1571 1301 1598 Ι

189 1599 315 1660 deterius
330 1599 414 1660 saciet
429 1600 525 1673 antid,
537 1600 615 1679 quod
628 1601 762 1660 tierinou
774 1601 911 1678 potuerit,
927 1599 1109 1661 desiderabit.
1134 1600 1244 1673 Quodsi

189 1702 291 1745 omues
307 1684 410 1745 mundi
424 1692 520 1763 partes
536 1685 574 1746 ita
590 1685 766 1746 constitutae
780 1692 857 1756 suut,
873 1692 1014 1764 utusque
1028 1685 1064 1745 ad
1079 1703 1170 1745 usum
1185 1705 1244 1746 me-

188 1769 276 1829 liores
295 1769 446 1848 potuerint
465 1787 531 1830 esse
549 1789 643 1850 neque
663 1767 704 1851 ad]
720 1769 846 1849 speciem
865 1769 1062 1847 pulchriores
1087 1769 1244 1842 videamus,

190 1861 287 1914 utrum
309 1873 341 1916 ea
358 1855 513 1915 fortuitane
528 1855 588 1914 sint
602 1873 639 1914 an
654 1874 689 1914 eo
706 1862 796 1926 statu,
816 1872 875 1932 quo
890 1855 1045 1914 cohaerere
1059 1853 1141 1915 nullo
1158 1855 1245 1916 modo
1300 1865 1301 1906 t

189 1938 337 2016 potuerint
356 1938 413 1998 nisi
433 1957 522 2000 sensu
542 1939 712 2000 moderante
731 1938 884 2017 divinaque
904 1939 1097 2017 providentia.
1128 1939 1161 2003 Si
1177 1958 1243 2017 ergo

190 2023 309 2082 meliora
330 2031 399 2083 sunt
417 2042 450 2082 ea
471 2043 544 2102 qnae
564 2033 682 2097 natura,
703 2041 789 2103 quam
803 2023 850 2082 iha
866 2041 938 2102 quae
952 2029 1013 2084 arte
1027 2025 1154 2101 perlecta
1168 2032 1244 2095 sunt,

190 2123 245 2164 nec
260 2125 306 2165 ars
321 2106 409 2166 elficit
424 2107 582 2184 quidquam
598 2108 662 2168 sine
676 2108 800 2168 ratione:
822 2126 858 2167 ne
872 2114 975 2168 natura
990 2107 1108 2186 quidem
1123 2109 1243 2170 rationis
1299 2185 1300 2192 ἵ

188 2205 291 2266 expers
318 2196 362 2249 est
381 2189 521 2250 habenda.
553 2193 610 2262 Qut
630 2192 717 2270 igitur
737 2192 885 2264 convenit,
912 2192 1028 2270 signum
1049 2199 1101 2253 aut
1119 2192 1243 2255 tabulam
1299 2193 1300 2270 1

188 2271 296 2349 picta'm
316 2291 406 2350 quum
427 2274 608 2353 adspexeriS,
629 2275 702 2354 scire
721 2275 877 2337 adhibitam
893 2296 958 2350 esse
972 2285 1077 2350 artem,
1098 2296 1245 2357 quumque

188 2356 291 2435 procul
307 2376 425 2417 cursum
442 2359 545 2438 navigii
561 2360 682 2426 videris,
702 2378 764 2421 uon
779 2360 923 2431 dubitare,
945 2361 1013 2440 quin
1029 2361 1057 2421 id
1073 2363 1189 2424 ratione
1203 2371 1244 2423 at·

189 2459 244 2521 que
259 2449 319 2502 arte
335 2439 494 2515 moveatur,
510 2451 538 2503 et
553 2463 642 2522 quum
658 2444 796 2508 solarium
812 2453 860 2506 aut
875 2445 1053 2524 descriptum
1065 2454 1116 2507 arrt
1128 2465 1244 2525 eraque

188 2527 394 2607 contemplere,
409 2528 567 2608 intelligere
582 2530 718 2590 declarari
732 2531 821 2590 horas
837 2538 910 2602 arto,
924 2548 985 2590 non
1001 2549 1084 2591 casu:
1102 2533 1244 2593 muudum

187 2620 298 2684 antem,
319 2611 368 2692 qui
387 2621 415 2674 et
435 2615 487 2674 has
507 2615 587 2694 ipsas
607 2623 682 2676 artes
696 2622 732 2686 ‚et
746 2633 845 2675 earum
861 2615 984 2675 artifices
999 2623 1028 2674 et
1042 2626 1147 2677 cuncta
1164 2636 1244 2677 com·

138 2707 169 2758 88
188 2697 342 2774 plectatur,
364 2699 477 2760 consilii
498 2707 525 2760 et
540 2700 661 2761 rationis
682 2719 748 2761 esse
763 2707 909 2778 expertem
930 2698 1054 2779 putare?
1084 2702 1199 2774 Quodsi
1216 2701 1243 2760 in

220 2880 261 2930 86.
272 2881 374 2933 ursum
384 2911 425 2934 -.
444 2884 513 2934 Auch
523 2887 578 2936 hier
589 2884 637 2948 gut
649 2885 688 2934 die
742 2885 823 2936 beisst
837 2886 900 2935 auch
918 2885 1053 2953 clepsydra
1069 2888 1120 2937 und
1137 2903 1244 2937 111111-
1297 2897 1298 2916 ³

186 2963 219 2995 zu
231 2964 252 2996 c.
268 2947 298 2995 ld
311 2949 344 2997 in.
357 2953 484 3012 gemachte
498 2953 662 3016 Bemerlrung.
742 2954 885 3020 spriiuglicb
898 2953 988 3004 biichst
999 2953 1110 3017 eiplacb,
1129 2956 1180 3005 seit
1191 2957 1244 3004 dem

221 3002 274 3063 84.
298 3020 439 3067 temerator
468 3023 494 3067 et
518 3025 597 3070 sator.
628 3021 687 3069 Dies
741 3021 1164 3072 Α11111111ἰ11111111111111ηηί111
1182 3021 1244 3072 ltre-

187 3079 341 3130 crinnertcn
360 3084 408 3132 deu
429 3078 512 3150 λόγος
533 3100 687 3154 σπερματι-
742 3088 819 3137 sibios
837 3088 898 3138 aber
919 3090 974 3138 eine
996 3090 1123 3141 hiinstlioh
1146 3106 1244 3140 zusam-

186 3141 245 3207 κός,
267 3148 315 3197 wie
332 3149 372 3198 die
389 3150 491 3200 Stoikor
511 3152 551 3202 die
574 3152 688 3204 Gottheit
740 3163 910 3218 mengesetzte
924 3158 1098 3222 hydraulische
1111 3157 1244 3208 Moschiuc.

185 3214 224 3265 als
237 3215 423 3280 scb'dplcrische
432 3217 558 3269 Vernuolt
572 3219 687 3271 111111111-
740 3221 795 3272 Von
809 3223 854 3272 der
866 3222 1021 3288 Einliihrung
1036 3225 1126 3275 beider
1143 3227 1169 3275 in
1183 3225 1244 3276 Rom

185 3290 269 3334 neten.
292 3284 363 3349 Dicg.
379 3285 408 3335 L.
422 3285 475 3346 Vll,
491 3285 547 3336 136.
740 3289 930 3352 sogtsscnsorin
944 3292 967 3341 d.
980 3293 1068 3342 dunat.
1082 3309 1103 3343 c.
1115 3293 1161 3343 23:
1181 3293 1245 3346 Illud

220 3351 686 3424 81.111111’1111111111“ρ1111;111111-
739 3362 804 3408 satia
817 3363 930 3424 constat,
946 3360 1044 3410 nudum
1056 3360 1190 3422 (solarium
1203 3362 1244 3411 de-

184 3421 346 3482 gcntliche
364 3423 522 3488 Sonnenubr,
541 3437 628 3485 wegcn
642 3425 687 3473 der
739 3431 803 3489 scr.)
817 3428 918 3491 casoro
929 3430 1004 3495 priris
1018 3429 1106 3492 fuisse
1122 3429 1244 3494 quarrati,

184 3488 619 3552 1111115111111111111111111111
634 3490 685 3540 Ge·
739 3495 808 3558 quod
824 3493 858 3544 dl.
874 3495 996 3546 Valentis
1013 3512 1048 3545 ere
1061 3493 1150 3546 Sa'cih'a
1170 3497 1246 3548 odeo·

184 3563 287 3629 recusate
309 3573 387 3621 gagen
409 3559 534 3609 solarium
553 3573 589 3609 ec:
611 3574 684 3624 apuu,
739 3565 808 3612 ctum
824 3562 859 3611 ad
874 3567 962 3613 rostro
977 3567 1004 3614 tn
1022 3563 1141 3614 columna
1156 3569 1246 3632 posent

184 3634 239 3697 crue
256 3622 422 3691 wasser-chr,
442 3642 482 3680 wo
503 3627 543 3676 die
560 3628 685 3693 etymolo-
741 3628 775 3690 (a.
792 3629 864 3690 isli:
886 3630 976 3681 deinde
991 3632 1119 3696 aliquanto
1134 3637 1197 3699 post
1214 3634 1243 3683 Ρ.

184 3688 624 3766 [111111111111111116111111111311
640 3711 685 3758 gc·
740 3695 873 3748 Cornelius
894 3699 989 3750 rl'arica
1011 3715 1101 3749 censor
1121 3717 1157 3750 ccc
1177 3717 1244 3766 aqua

185 3760 253 3803 setzt
269 3763 310 3804 ist.
335 3759 396 3807 lene
414 3761 477 3810 wird
493 3764 554 3811 auch
572 3763 616 3812 mit
629 3763 685 3812 dem
730 3765 803 3828 fecit
821 3766 954 3816 berardum
976 3767 1014 3828 (a.
1036 3767 1111 3831 595),
1130 3769 1201 3833 qnod
1220 3773 1244 3818 et

185 3819 229 3870 Gr.
250 3819 345 3870 Numen
362 3826 518 3878 sciotherum
538 3829 600 3877 oder
620 3832 687 3878 ecio·
738 3832 823 3898 ipsum
840 3849 875 3882 erc
890 3834 1073 3884 consuetudine
1088 3836 1215 3886 noscendi·
1229 3853 1245 3886 a

185 3889 297 3940 thericon
309 3888 469 3952 bezeichnen·
480 3894 519 3942 die
529 3893 686 3944 Wasseruhr
738 3898 791 3948 sole
799 3899 876 3951 boras
887 3901 1012 3952 solarium
1020 3905 1138 3969 coeptum
1146 3905 1243 3955 vocari.
