2622 4326
179 266 239 328 128
528 263 571 314 llll
589 262 723 315 nerunt
741 260 880 314 DEORUM

178 418 295 479 easdem
311 411 404 476 modo*
416 416 462 476 his
478 416 569 476 inodo
584 416 640 476 illis
656 416 836 495 expertibus
852 424 962 494 opacet.
993 415 1061 495 Ipsa
1076 415 1160 475 eninr
1177 433 1247 474 unr-

178 503 230 562 bra
244 509 337 561 terrae
351 500 407 560 soli
423 501 553 560 officiens
567 508 685 561 noctem
700 501 795 572 efficit.
819 501 1039 561 Nocturnorum
1054 507 1155 560 autem
1175 519 1247 578 spa-

178 585 289 646 tiorum
304 585 404 644 eadem
419 592 464 645 est
478 569 661 664 aequabilitais
677 603 750 663 quae
765 586 948 657 diurnorum,
964 583 1159 663 eiusdemque
1173 583 1247 644 solis

179 677 243 732 tum
263 687 399 730 accessus
420 670 528 730 modici
547 678 610 730 tum
625 688 759 731 recessus
776 678 804 730 et
819 669 935 748 frigoris
951 676 979 729 et
995 668 1101 729 caloris
1116 669 1249 728 modum

180 761 356 834 temperant:
377 753 514 815 circuitus
535 755 612 814 enim
633 754 703 814 solis
724 755 842 815 orbium
862 773 879 812 v
899 763 927 814 et
947 773 984 814 nx
1005 760 1033 813 et
1050 771 1119 827 ccc,
1141 761 1250 832 quarta

180 841 240 900 iere
251 839 307 900 diei
318 847 400 917 parte
411 839 514 912 addita,
526 840 748 906 conversionem
761 839 919 900 conficiunt
930 855 1071 898 annuam:
1087 839 1248 898 inflectens

180 917 342 984 autem‘sol
358 941 478 984 cursum
494 931 556 984 tum
572 924 607 984 ad
624 931 737 1002 septem
751 924 875 996 triones,
892 931 956 984 tum
972 923 1007 982 ad
1023 922 1182 983 meridiem
1200 943 1248 983 ae-

181 1016 269 1070 states
296 1015 324 1068 et
346 1008 456 1068 hiemes
483 1007 584 1081 efficit,
612 1016 640 1069 et
660 1027 693 1068 ea
712 1009 770 1069 duo
795 1016 940 1087 tempora,
966 1025 1095 1086 quorum
1120 1007 1248 1068 alterum

180 1093 269 1154 hiemi
285 1092 447 1152 senescenti
462 1092 630 1152 adiunctum
645 1101 703 1165 est,
719 1093 841 1153 alterum
856 1092 965 1153 aestati.
994 1092 1036 1152 lta
1052 1111 1087 1151 ex
1104 1099 1248 1171 quattuor

182 1187 350 1254 temporum
365 1175 574 1236 mutationibus
591 1179 732 1252 omnium,
747 1197 820 1256 quae
835 1185 909 1237 terra
925 1177 1056 1256 marique
1072 1176 1246 1254 gignuntur,

130 1274 162 1324 50
183 1261 262 1320 initia
289 1278 465 1338 caussaeque
492 1261 646 1322 ducuntur.
681 1263 742 1323 lam
768 1263 838 1322 solis
864 1279 978 1322 annuos
1006 1279 1114 1322 cursus
1141 1261 1246 1340 spatiis

182 1343 341 1404 menstruis
372 1344 440 1404 luna
472 1346 672 1425 consequitur:
705 1347 788 1408 euius
814 1347 1023 1406 tenuissimum
1048 1346 1152 1406 lumen
1181 1346 1248 1407 lacit

182 1429 335 1508 proximus
351 1447 486 1489 accessus
501 1430 537 1490 ad
553 1431 659 1503 solem,
675 1431 825 1510 digressus
841 1437 936 1491 autem
951 1429 1146 1508 longissimus
1164 1431 1247 1510 quis·
1302 1484 1303 1494 ,

182 1533 238 1593 que
257 1512 468 1593 plenissimum.
498 1515 597 1594 Neque
617 1517 714 1576 solum
734 1516 796 1576 eius
817 1515 928 1594 species
948 1533 982 1575 ac
1001 1515 1098 1574 forma
1114 1523 1249 1576 mutatur

183 1607 245 1660 tum
266 1598 438 1672 crescendo,
458 1606 523 1659 tum
543 1600 702 1661 defectibus
723 1600 754 1660 in
774 1600 853 1660 initia
872 1600 1065 1682 recurrendo,
1087 1600 1247 1660 sedetiam

183 1685 277 1762 regio,
298 1701 371 1762 quae
386 1691 449 1744 turn
464 1691 510 1744 est
524 1684 670 1763 aquilonia
686 1693 748 1746 tum
765 1684 910 1746 australis.
930 1684 997 1760 [lta]
1014 1683 1045 1744 in
1066 1684 1155 1744 lunae
1173 1704 1247 1765 quo-

184 1787 239 1847 que
255 1786 344 1829 cursu
359 1776 403 1828 est
417 1775 445 1828 et
455 1769 576 1830 brumae
589 1769 730 1849 quaedam
743 1777 772 1830 et
783 1769 899 1830 solstitii
912 1768 1081 1841 similitudo,
1096 1769 1249 1848 multaque

184 1853 221 1914 ab
242 1873 275 1913 ea
290 1861 410 1914 manant
425 1860 454 1913 et
467 1855 577 1927 fluunt,
599 1853 703 1933 quibus
719 1862 748 1915 et
762 1855 924 1915 animantes
940 1854 1054 1913 alantur
1068 1863 1248 1930 augescant·

184 1957 254 2017 que,
274 1945 302 1998 et
321 1938 483 2016 pubescant
497 1939 751 2017 maturitatemque
771 1947 965 2018 assequantur
985 1955 1057 2017 quae
1078 1938 1249 2000 oriunture

126 2003 168 2129 ἓξ)
184 2031 268 2084 terra.
295 2021 418 2082 Maxime
432 2041 500 2083 vero
516 2031 586 2084 sunt
600 2023 786 2086 admirabiles
799 2030 898 2084 motus
913 2041 1015 2083 earum
1030 2021 1161 2102 quinque
1179 2023 1249 2085 stel-

218 2202 461 2270 eosderu—opooet.
481 2204 686 2255 DassdieSonne
741 2222 762 2256 c.
780 2207 809 2256 9:
831 2224 886 2259 uox
903 2212 929 2258 et
944 2207 998 2257 dios
1010 2234 1044 2242 —
1055 2223 1138 2258 uuum
1156 2195 1249 2260 circui·

185 2270 337 2320 dieLiinder
354 2271 497 2335 beschatte,
514 2273 549 2322 lst
564 2273 624 2322 sehr
638 2289 686 2322 un·
741 2279 795 2324 turo
813 2278 881 2326 orbis
892 2277 986 2342 efficit.
998 2301 1033 2310 -
1052 2274 1194 2326 Wiibrend
1211 2279 1247 2326 die

185 2338 318 2401 cigentlich
337 2345 432 2401 gesagt.
458 2338 500 2388 Sic
517 2339 583 2390 ldsst
599 2341 635 2390 sie
653 2342 686 2390 im
741 2341 823 2392 Sonne
842 2341 890 2391 365
904 2343 956 2394 Mel
972 2343 1021 2392 und
1039 2349 1120 2394 etwas
1138 2344 1250 2394 dariiber

185 2406 318 2469 Scbatten,
335 2407 418 2456 indem
434 2406 692 2458 siesiebvouibnen.
740 2410 765 2459 in
789 2410 835 2459 der
858 2409 982 2472 lliebtung
1005 2424 1053 2459 von
1079 2410 1162 2461 Oeten
1188 2414 1248 2462 nach

183 2490 240 2539 weg
252 2491 283 2525 zu
293 2475 339 2524 der
349 2481 606 2538 entgegengesetzten
616 2475 685 2526 Seite
742 2476 848 2528 Westen
861 2493 901 2528 um
911 2479 951 2527 die
960 2478 1027 2527 Erde
1036 2477 1109 2541 llicit,
1124 2479 1205 2530 riiolrt
1215 2482 1249 2530 sie

183 2545 229 2593 der
240 2543 307 2594 Erde
317 2544 425 2594 wendet.
444 2542 686 2608 Ebensouneigent-
741 2546 854 2609 zugleiob
871 2546 896 2594 in
914 2547 960 2595 der
971 2545 1083 2612 Elliptik
1098 2547 1184 2597 durch
1201 2548 1249 2598 alle

182 2612 233 2662 licb
245 2619 302 2675 sagt
313 2611 400 2662 Horat.
414 2625 489 2662 cerm.
502 2612 606 2662 saec.9:
620 2613 686 2663 olene
741 2612 819 2663 zwdll
840 2613 949 2663 Zeicbeu
972 2629 1021 2663 von
1045 2613 1157 2664 Westen
1189 2617 1249 2666 narb

183 2679 227 2746 sol,
241 2679 413 2731 currunitido
426 2679 546 2746 dissequi
589 2685 688 2732 ombot
742 2682 834 2745 Osten,
852 2680 933 2731 wobei
945 2681 982 2730 sie
994 2681 1047 2730 sich
1058 2680 1117 2731 bald
1130 2698 1250 2733 unseren

184 2747 267 2799 celas
300 2749 350 2799 und
367 2747 441 2814 Soph.
460 2747 529 2799 diae.
562 2749 605 2798 74:
629 2747 686 2799 dec·
742 2748 1250 2816 orbt'sterrarumniiberqindernsiebis
1299 2759 1300 2852 q

182 2816 240 2868 νῶν
253 2786 280 2864 δζ
292 2809 369 2884 iique
382 2809 549 2883 πνευμάτων
560 2814 687 2886 exolutus
741 2833 798 2867 zum
807 2816 916 2866 Zeicbeu
929 2817 973 2866 des
983 2814 1095 2866 lirebses
1109 2819 1173 2867 nach
1184 2817 1250 2868 Nor-

185 2883 317 2933 στένοντα
339 2877 458 2935 πόντονε
481 2885 526 2934 der
538 2883 623 2934 Huucb
640 2886 686 2934 der
741 2886 789 2935 den
802 2884 973 2947 binaulriiclrt‚
990 2884 1047 2934 bald
1060 2883 1114 2933 sicb
1128 2885 1251 2950 entierut,

184 2948 279 2998 Windo
291 2949 408 3011 berubigt
419 2950 463 2998 das
473 2949 552 3013 Mcer,
565 2951 647 3001 indem
657 2967 687 3001 er
741 2953 824 3002 indem
833 2951 871 3002 sic'
880 2953 918 3002 bis
928 2967 984 3001 zum
990 2951 1099 3001 Zeicbeu
1109 2953 1156 3003 des
1163 2953 1250 3004 Stein-

185 3013 436 3064 niimIichuucbliisst.
457 3015 686 3083 nglleisigVorl.
741 3020 820 3070 books
837 3021 899 3070 nach
918 3019 1001 3069 Siiden
1019 3019 1094 3068 binab
1111 3021 1200 3084 steigt„
1216 3049 1251 3057 —

184 3080 211 3130 S.
224 3079 274 3130 306
286 3081 332 3130 mit
343 3078 446 3130 Haase’o
458 3081 531 3132 Aum.
741 3087 787 3136 Die
796 3088 959 3150 lierecbnung
970 3089 1015 3138 des
1027 3088 1174 3153 tropiscbeu
1185 3089 1251 3140 Son·

217 3150 309 3198 mubra
321 3151 407 3198 terrae
418 3147 469 3197 soli
487 3150 611 3214 officiens.
635 3151 688 3203 Der
742 3154 878 3219 nenjabres
891 3172 922 3205 zn
935 3154 984 3204 365
992 3154 1018 3213 'la
1031 3154 1118 3218 Tagen
1131 3157 1167 3206 ist
1180 3157 1250 3206 iibri-

184 3216 303 3267 Scbatteu
327 3216 372 3265 der
394 3214 474 3278 liade,
504 3217 616 3268 welcbor
641 3221 686 3270 der
742 3238 803 3286 gens
816 3224 878 3274 weit
890 3223 969 3286 iilter,
987 3222 1026 3272 uls
1044 3223 1083 3272 die
1097 3223 1192 3274 durani
1205 3226 1250 3274 be·

183 3286 280 3350 Sonue,
298 3286 321 3334 d.
334 3284 357 3332 b.
372 3283 426 3333 dent
440 3282 612 3351 Sonnenlicbt,
630 3295 686 3339 ent·
741 3289 1249 3353 rubeudelliol'dbrungdeslulianischen
1297 3323 1298 3354 t

183 3351 686 3418 gegenwirlstundesausscbliesstdlenu
742 3359 832 3409 labres
844 3359 883 3408 bei
897 3360 943 3409 den
956 3357 1070 3408 llbmern.
1297 3355 1298 3450 l

183 3423 265 3473 indens
282 3423 328 3472 der
343 3419 537 3484 Sebattenkeqel
557 3421 603 3471 der
617 3419 686 3473 lli-de
777 3461 810 3510 50
883 3464 887 3475 .

184 3488 380 3541 narnensem
398 3488 574 3540 resurremus
591 3489 688 3540 ornem
812 3498 818 3511 ·
837 3462 899 3512 '⁰¹²⁸
907 3477 1120 3559 oteness-tarsae
1133 3464 1250 3514 ‘lh-⁶0¹¹
1297 3465 1298 3554 l

182 3554 253 3621 runt,
273 3559 413 3621 ver-definge
432 3573 462 3608 er
481 3557 536 3608 bier
550 3557 687 3621 gewisser-
741 3527 904 3647 lfflgrffich
922 3531 967 3646 ‘¹¹2
979 3529 1186 3649 ²⁸⁸3lf}⁰¹⁰h⁰¹.¹
1203 3533 1249 3611 αἵθ

184 3626 342 3676 nascendus
357 3625 442 3690 Licbt,
461 3626 631 3676 undbewirlrt
647 3625 687 3676 dio
868 3613 934 3662 Μ’
969 3614 1000 3648 ⁶¹¹
1035 3613 1058 3648 ¹⁶
1091 3615 1157 3650 ⁰⁰⁰⁰
1173 3616 1249 3650 Μ’·

185 3687 278 3740 Nocet:
302 3693 380 3742 daho„
401 3696 493 3745 „mm
513 3699 599 3746 ‘mae
618 3699 688 3746 mm
742 3678 799 3781 giem
821 3665 907 3747 labre'
920 3665 1061 3731 vollendet‚
1090 3668 1176 3719 macbt
1203 3669 1249 3718 der

184 3759 275 3808 noctis,
299 3758 476 3826 deffiquq
492 3763 531 3812 ῃ.
627 3767 643 3777 -
770 3732 817 3782 ond
830 3749 947 3784 meroem
959 3732 1069 3784 Monate.

219 3825 340 3874 monitus
361 3827 461 3876 orbium
471 3849 506 3870 =
520 3831 641 3880 ctmecitm
660 3831 688 3878 in
776 3826 818 3876 lta
828 3843 877 3878 vor
887 3833 914 3880 in
926 3830 1002 3882 luciae
1010 3832 1045 3883 ist
1053 3833 1078 3882 in
1088 3833 1248 3886 deulldscbr.

187 3894 285 3956 orbern,
302 3889 494 3946 breisuuleuta.
519 3895 578 3957 Vsl.
592 3895 687 3946 Timeo.
742 3894 906 3956 ausgelulleu.
