2622 4326
453 265 512 318 tte.
524 265 555 317 11.
582 267 651 318 CAP.
667 267 706 317 tt.
721 269 760 318 15.
1076 272 1135 334 123

70 421 188 493 solum,
204 420 255 480 sed
271 418 357 479 ctiam
374 437 460 500 saepe
476 420 641 492 comburat,
658 437 783 500 quorum
798 430 935 484 neutrum
951 423 1064 497 iaceret,
1078 423 1135 486 nisi

70 512 154 566 esset
169 504 280 583 igneus.
302 503 429 582 „Ergo“,
444 504 546 582 inquit,
564 523 674 584 „quum
687 505 732 566 sol
743 505 844 584 igneus
857 507 895 567 sit
906 507 1064 588 oceanique
1075 507 1134 569 aia·

68 599 123 651 tur
137 588 321 662 humoribus,
336 588 402 666 quia
418 589 513 649 nullus
528 590 604 667 ignis
620 591 683 650 sine
697 599 784 668 pastu
798 591 892 670 atiquo
908 592 1003 670 possit
1017 609 1134 670 perma-

69 692 161 734 nere:
176 691 296 734 necesse
311 681 355 734 est
370 681 419 734 aut
434 674 459 734 ei
472 673 576 734 similis
590 675 627 735 sit
638 674 706 752 igni,
718 693 805 753 quem
817 675 1034 736 adhibemus'ad
1046 693 1133 740 usum
1153 693 1186 745 41

69 766 161 837 atque
176 760 212 820 ad
226 759 350 830 victum,
371 765 419 819 aut
434 759 473 831 ei,
494 758 543 838 qui
559 759 733 836 corporibus
754 758 946 820 animantium
961 762 1133 822 continetur.

69 845 164 922 Atqui
178 844 226 924 hic
239 851 342 904 noster
355 843 440 921 ignis,
456 861 543 921 quem
558 861 632 903 usus
648 843 722 903 vitae
736 843 866 922 requirit,
881 844 1033 926 coniector
1047 853 1091 905 est
1106 853 1135 906 et

69 936 272 1007 consumptor
282 927 423 999 omnium,
435 929 580 1006 idemque,
593 945 777 1007 quocumque
788 927 903 1001 invasit,
911 937 1013 989 cuncta
1025 928 1135 992 distur-

68 1013 122 1074 bat
140 1032 173 1074 ac
188 1013 318 1092 dissipat.
354 1012 460 1073 Contra
475 1012 522 1072 iile
541 1031 718 1091 corporeus,
737 1012 829 1074 vitalis
845 1007 873 1073 et
888 1012 1020 1073 salutaris
1037 1014 1134 1074 omnia

71 1105 240 1171 conservat,
255 1098 312 1170 alit,
327 1105 422 1176 auget,
439 1098 565 1158 sustinet
578 1115 725 1176 sensuque
741 1097 856 1158 afficit.“
878 1097 969 1175 Negat
984 1115 1053 1178 ergo
1068 1117 1135 1158 esse

69 1181 204 1256 dubium,
216 1183 322 1243 horum
334 1182 446 1260 ignium
459 1181 504 1243 sol
515 1182 573 1243 utri
585 1182 687 1245 similis
700 1182 747 1254 sit,
754 1200 843 1262 quum
855 1182 881 1242 is
893 1200 1011 1261 quoque
1022 1183 1135 1256 efficiat,

67 1275 105 1328 ut
126 1267 225 1328 omnia
244 1267 368 1328 floreant
386 1275 415 1327 ct
433 1267 463 1327 in
485 1285 539 1328 suo
562 1286 691 1348 quaeque
711 1285 815 1346 genere
830 1267 998 1347 pubescant.
1040 1269 1135 1340 Quare

68 1371 167 1430 quum
188 1351 260 1412 solis
274 1351 350 1428 ignis
365 1351 469 1411 similis
485 1369 588 1412 eorum
603 1352 715 1430 ignium
732 1353 783 1424 sit,
805 1353 854 1431 qui
869 1352 983 1414 suntin
998 1353 1134 1432 corpori-

67 1437 129 1496 bus
146 1435 352 1507 animantium,
372 1435 464 1495 solem
480 1453 596 1514 quoque
610 1436 787 1496 animantem
803 1455 868 1496 esse
883 1443 1009 1515 oportet,
1027 1446 1056 1496 et
1069 1437 1135 1515 qui-

69 1521 144 1581 dem
159 1518 267 1598 reliqua
283 1525 367 1591 astra,
382 1536 455 1598 quae
470 1519 600 1580 oriantur
614 1520 645 1579 in
661 1520 765 1581 ardore
780 1521 902 1593 caelesti,
918 1521 967 1599 qui
982 1521 1080 1580 aether
1091 1521 1135 1580 vel
1233 1531 1256 1574 s

14 1661 22 1672 ,
70 1605 187 1665 caelum
212 1603 389 1664 nominatur.
431 1604 529 1675 Quum
549 1603 628 1664 enim
649 1603 771 1663 aliorum
791 1604 981 1664 animantium
1002 1612 1085 1664 ortus
1103 1604 1134 1663 in
1153 1611 1187 1664 42

67 1698 149 1750 terra
170 1688 221 1760 sit,
242 1687 365 1749 aliorum
381 1687 411 1747 in
426 1706 515 1767 aqua,
533 1687 564 1747 in
579 1693 644 1748 abre
658 1688 795 1748 aliorum:
815 1686 974 1748 absurdum
990 1706 1055 1748 esse
1070 1687 1135 1747 Ari·

71 1773 172 1834 stoteli
186 1773 306 1843 videtur,
321 1774 352 1833 in
367 1791 400 1832 ea
415 1780 506 1850 parte,
522 1771 648 1852 quaesit
663 1772 699 1832 ad
715 1771 857 1849 gignenda
872 1771 1028 1831 animantia
1043 1771 1135 1850 aptis-

72 1859 161 1930 sima,
182 1857 288 1918 animal
307 1857 385 1936 gigni
400 1857 515 1918 nullum
536 1865 648 1936 putare.
681 1856 781 1917 Sidera
796 1864 892 1916 autem
907 1856 1073 1916 aethereum
1088 1856 1135 1916 lo-

73 1961 143 2003 cum
163 1941 309 2016 obtinent3
330 1942 378 2021 qui
398 1942 535 2021 quoniam
555 1941 754 2003 tenuissimus·
767 1948 811 2002 est
831 1949 860 2001 et
879 1959 996 2022 semper
1013 1939 1135 2018 agitatur

74 2036 105 2088 et
125 2026 212 2106 viget,
233 2025 351 2088 neeesse
371 2035 428 2101 cst,
449 2027 528 2106 quod
550 2027 655 2087 animal
674 2026 704 2087 in
724 2043 760 2087 eo
777 2025 924 2104 gignatur,
949 2025 978 2084 id
998 2032 1027 2085 ct
1046 2042 1136 2086 sensu

73 2111 217 2173 acerrimo
241 2122 271 2172 et
295 2111 455 2174 mobilitate
476 2112 623 2173 celerrima
643 2130 718 2172 esse.
755 2111 851 2183 Quare
867 2128 957 2189 quum
974 2110 1005 2169 in
1021 2111 1135 2170 aethere

1257 1490 1283 1536 f,

73 2205 153 2258 astra
169 2197 330 2276 gignantur,
345 2203 573 2258 consentaneum
588 2204 630 2258 est
644 2196 675 2257 in
689 2195 725 2256 iis
741 2209 862 2268 sensum
877 2195 974 2256 inesse
989 2202 1017 2256 et
1031 2194 1135 2256 intelli-

73 2349 144 2411 hung
156 2347 254 2398 auidas
268 2348 441 2409 fletuum-3
460 2350 598 2398 wiibreod‘
651 2350 752 2408 oricum
787 2347 900 2409 obgleicb
929 2348 1060 2396 anderswo
1091 2348 1135 2398 des

72 2417 171 2466 verber
182 2420 265 2466 tactus
278 2415 326 2466 ileu
339 2416 400 2466 Sinn
415 2417 459 2465 des
473 2415 578 2467 Getuols
632 2363 711 2467 (bort
722 2415 845 2465 viclmebr
856 2413 912 2462 kiir
917 2413 1032 2478 perbai
1035 2421 1058 2476 t,
1077 2428 1136 2464 cot·-

74 2485 218 2534 bedeutete.
241 2483 300 2546 Vgl.
319 2483 350 2532 de
363 2483 419 2533 niv.
436 2483 465 2545 11,
478 2483 519 2546 46,
533 2483 578 2532 97:
630 2498 695 2551 pore
705 2481 851 2598 {raeditum
871 2497 903 2530 zu
915 2480 1038 2530 bcdeuten
1052 2482 1135 2544 pilegg

74 2567 110 2602 ea:
127 2567 176 2617 quo
191 2551 354 2615 intelligitur,
374 2549 432 2616 pius
449 2554 580 2600 terrerum
632 2551 695 2600 aucb
726 2549 748 2597 ei
762 2549 851 2598 Cicero
865 2549 896 2595 im
907 2545 1001 2596 Timon.
1017 2562 1037 2594 c.
1048 2547 1064 2593 4
1075 2561 1100 2594 a.
1111 2546 1136 2594 8.

38 2661 44 2674 .
74 2623 142 2670 sitos
158 2634 235 2684 qoem
250 2619 325 2668 lunae
343 2621 425 2666 tectus
447 2617 501 2679 (die
518 2617 579 2667 Ein—
634 2617 752 2679 Dagcgen
770 2617 801 2664 de
817 2615 891 2664 Finu.
907 2612 952 2675 ΙΙΙ,
972 2612 1063 2676 14,“45
1081 2613 1138 2661 sind

74 2685 224 2748 wirkungen
236 2686 280 2734 des
293 2683 412 2746 Monotes)
430 2683 465 2735 ad
474 2700 581 2734 nascen-
633 2700 677 2734 res
689 2697 827 2760 corporeae
843 2681 882 2729 die
897 2679 1073 2744 ktirpcrlicbcn
1085 2679 1137 2728 Gii-

75 2754 241 2806 dementare.
265 2753 323 2816 Vgl.
337 2753 367 2801 dc
379 2766 416 2800 or.
428 2751 458 2814 ll,
471 2751 509 2813 14,
520 2751 561 2800 60.
633 2758 688 2812 ter,
705 2765 753 2798 wie
771 2746 938 2810 Gesundbeit,
957 2746 1092 2796 Sebiinbeit
1112 2763 1137 2796 u.

110 2823 245 2887 oceanique
254 2820 507 2870 atamroomortoos.
520 2819 578 2881 Vgl.
634 2819 683 2881 dgl.

76 2888 203 2954 e,33,83
220 2887 303 2951 u.4ss‚
319 2887 376 2937 118.
401 2887 472 2950 Diog.
485 2886 513 2936 L.
526 2885 579 2951 Vll,
667 2885 799 2935 mordere
814 2882 873 2932 cael.
891 2880 958 2931 wohl
974 2882 1019 2932 mit
1030 2881 1139 2948 Auspic-

78 2958 140 3006 145:
165 2956 322 3025 τρέφεσθαι
346 2952 377 3006 tt
397 2983 433 2992 -
455 2949 506 3004 τὸν
527 2951 581 3021 μὲν
635 2953 695 3016 long
704 2953 750 3002 auf
755 2950 980 3015 dieAbstammung
988 2952 1033 3000 des
1043 2951 1138 3015 griecb.

75 3019 155 3089 ἥλιον
175 3023 205 3074 ἐκ
225 3025 272 3090 τῆς
293 3017 415 3094 μεγάλης
434 3017 580 3086 θαλάττης,
635 3016 878 3091 αἰθήρνοιιαῒθω.
1193 3031 1195 3036 ’

75 3083 255 3159 nasccntium
268 3086 398 3161 ἄναμμα,
420 3086 470 3156 τὴν
488 3088 519 3141 δὲ
534 3103 580 3140 σε·
668 3088 710 3138 42.
737 3087 1004 3139 Aristotelicorum.
1039 3087 1066 3138 ln
1090 3088 1138 3138 den

77 3156 162 3226 λήνην
174 3157 204 3209 ἐκ
217 3162 346 3229 ποτίμων
357 3153 481 3220 ὑδάτων,
498 3151 580 3227 depo·
633 3158 809 3207 vorbeodenen
821 3153 1031 3206 Aristoteliscbcn
1042 3155 1139 3205 Schrif-

77 3229 147 3298 μιγῇ
160 3222 352 3295 τυγχάνουσαν
366 3227 412 3277 καὶ
424 3221 581 3293 πρόσγειον
634 3232 677 3274 ten
689 3224 784 3274 kommt
796 3224 881 3273 soiebe
889 3223 1058 3285 'neusserung
1071 3223 1139 3272 nicbt

79 3286 227 3347 oiiecvl-
250 3297 339 3346 Poscit
353 3317 389 3338 =
405 3288 514 3346 δύναιτ’
536 3287 580 3356 ἄν,
633 3307 696 3354 vor3
717 3293 780 3342 ‹tocb
803 3298 859 3356 sagt
875 3292 937 3340 auch
954 3289 1138 3339 Ps.-Plutercb.

76 3364 164 3446 modus
181 3370 276 3430 petent.
303 3363 350 3444 Die
362 3362 481 3444 ¹protasis
498 3361 582 3437 steciit
632 3360 699 3445 plac.
712 3361 771 3427 pbil.
784 3359 816 3421 V,
827 3357 873 3407 20:
888 3356 947 3436 equ
959 3356 1139 3468 πραγματὲία

78 3449 101 3482 ¹¹¹
111 3433 579 3566 mtttissbttttbim
628 3421 1139 3564 tttt‘tt‘tttstttftttttttt!

80 3567 171 3617 zweite
196 3565 274 3616 Wort
298 3579 345 3614 zur
365 3566 580 3628 Verdeutlichuog
634 3561 678 3630 νά,
692 3554 845 3630 οὐράνια.
867 3553 1138 3618 Uebrigcnsvgl.zul,

80 3636 123 3686 des
136 3641 236 3693 ersten,
254 3633 363 3682 welches
380 3631 423 3682 iiic
440 3634 581 3684 sicballein
638 3635 677 3696 13,
690 3629 731 3680 33.
1010 3683 1014 3700 Ι

79 3701 298 3764 zweideutigsein
312 3701 415 3750 ktinnte.
432 3728 467 3738 —
489 3701 583 3767 Couse-
670 3693 955 3747 incomminatione
971 3695 1017 3740 cte.
1043 3691 1140 3743 Ricbti·

79 3772 149 3822 ome
159 3783 250 3820 rerum
261 3770 376 3819 omnium
387 3772 502 3820 vetustas
513 3769 584 3818 i'iibrt
637 3780 683 3830 ger
698 3762 749 3812 und
767 3761 821 3810 dem
834 3758 926 3810 Zweck
941 3759 1026 3810 dieses
1041 3760 1141 3811 Riison·

79 3837 192 3888 moeno
206 3835 260 3899 Vll,
275 3836 314 3901 11,
328 3835 554 3887 eonscientiae.
638 3835 751 3882 nements
772 3829 983 3893 entspreehender
1000 3828 1070 3878 bitte
1089 3829 1139 3879 Cic.

110 3905 153 3956 itte
162 3919 310 3974 corporeae,
320 3905 344 3954 d.
354 3906 587 3970 qu’ests'ocor-
639 3897 769 3949 schreiben
793 3896 906 3946 niissen:
929 3899 955 3946 ἐκ
978 3897 1013 3944 iis
1036 3911 1141 3947 censure
