2612 4328
191 280 253 340 212
545 272 589 322 DE
606 271 743 323 NATURA
760 269 900 322 DEORUM

192 449 264 510 quas
279 429 374 489 Numa
392 419 480 487 nobis
504 425 631 508 reliquit,
650 425 686 485 de
708 424 813 504 quihus
835 423 865 483 in
880 423 926 484 illa
941 425 1058 485 aureola
1074 425 1259 488 oratiuncula

191 513 260 574 dicit
273 512 402 584 Laelius,
423 529 510 589 quam
530 509 692 570 rationibus
708 509 885 570 Stoicorum.
918 509 949 568 Si
969 509 1048 568 enim
1062 527 1119 569 vos
1141 530 1257 589 sequar,

192 598 247 668 dic,
269 597 338 676 quid
357 595 383 655 ei
403 594 613 672 respondeam,
636 594 686 672 qui
701 613 748 654 me
764 593 807 654 sic
821 600 918 670 roget:
939 593 969 652 Si
984 592 1024 652 dii
1040 601 1126 665 sunt,
1152 605 1258 656 suntne

192 682 278 742 etiam
292 681 444 759 Nymphae
459 676 551 740 deae?
574 679 599 738 si
613 678 778 756 Nymphae,
798 675 913 737 Panisci
928 677 1013 736 etiam
1029 687 1059 737 et
1073 677 1196 758 Satyri?
1218 679 1259 739 'Ni

192 772 288 827 autem
307 782 369 825 non
390 771 473 825 sunt:
495 781 533 822 ne
552 762 704 841 Nymphae
723 762 840 840 quidem
861 761 932 821 deae
951 758 1061 838 igitur?
1099 761 1139 822 At
1158 781 1257 824 earum

192 850 300 927 templa
326 856 395 909 sunt
414 847 530 927 publice
548 856 615 906 vota
635 855 665 907 et
684 847 822 907 dedicata.
861 845 940 918 Quid
960 843 1071 922 igitur?
1107 845 1152 906 Ne
1172 849 1257 908 ceteri

194 935 310 1016 quidem
332 951 401 1011 ergo
417 932 469 1016 dii,
485 950 612 1010 quorum
626 931 733 1009 templa
750 937 818 990 sunt
834 930 971 991 dedicata.
1001 930 1064 1007 Age
1079 949 1188 1007 porro:
1209 932 1256 992 Io·

192 1039 258 1080 vem
270 1027 299 1078 et
308 1019 478 1096 Neptunum
490 1017 561 1076 deos
574 1033 726 1075 numeras:
743 1034 812 1093 ergo
825 1014 912 1074 etiam
924 1014 1028 1084 Orcus,
1041 1015 1133 1074 frater
1145 1034 1254 1087 eorum,

194 1104 280 1176 dem,
295 1111 324 1162 et
338 1101 390 1173 illi,
406 1101 454 1178 qui
471 1101 560 1162 fluere
576 1099 653 1178 apud
668 1099 778 1159 inferos
795 1099 942 1170 dicuntur,
958 1099 1106 1170 Acheron,
1124 1100 1252 1180 Cocytus,

195 1187 279 1264 Styx,
305 1185 563 1265 Pyriphlegethon,
583 1192 647 1243 tum
667 1183 797 1256 Charon,
818 1191 881 1242 tum
901 1182 1044 1242 Cerberus
1066 1183 1106 1243 dii
1126 1185 1252 1262 putandi.

139 1277 173 1325 44
193 1272 232 1330 At
245 1270 273 1329 id
291 1269 406 1347 quidem
422 1268 644 1345 repudiandum.
671 1267 713 1327 Ne
726 1268 819 1328 Orcus
835 1267 952 1345 quidem
968 1267 1063 1344 igitur.
1092 1268 1171 1339 Quid
1187 1269 1252 1328 dici-

193 1355 230 1413 tis
253 1371 322 1430 ergo
339 1353 374 1411 de
390 1349 551 1428 fratribus?
575 1352 653 1412 Haec
664 1352 826 1412 Carneades
843 1350 941 1422 aiebat,
957 1368 1019 1410 non
1034 1359 1068 1411 ut
1084 1352 1159 1411 deos
1177 1353 1252 1412 tolle-

193 1445 251 1501 ret:
272 1436 357 1516 (quid
378 1436 456 1496 enim
476 1435 655 1515 philosopho
676 1436 774 1495 minns
791 1432 1006 1509 convehiens?)
1023 1435 1076 1495 sed
1092 1443 1127 1496 ut
1142 1436 1252 1498 Stoicos

193 1521 265 1584 nihil
285 1522 320 1582 de
342 1521 397 1580 diis
418 1521 562 1600 explicare
582 1520 775 1580 convinceret.
812 1519 913 1598 Itaque
933 1518 1151 1598 insequebatur.
1183 1520 1253 1594 Quid

193 1604 294 1668 euim?
311 1605 413 1678 aiebat,
428 1605 454 1664 si
468 1605 500 1664 hi
514 1607 617 1665 fratres
634 1605 748 1664 suntin
764 1621 888 1664 numero
905 1604 1043 1675 deorum,
1060 1622 1136 1664 num
1153 1606 1192 1665 de
1206 1625 1251 1686 pa·

195 1702 237 1753 tre
252 1709 356 1751 eorum
372 1691 499 1750 Saturno
515 1689 614 1767 negari
630 1696 737 1766 potest,
755 1707 841 1768 quem
856 1688 942 1766 arrigo
959 1688 1087 1747 maxime
1104 1689 1207 1749 colunt
1222 1689 1252 1748 ad

195 1771 405 1846 Occidentem?
435 1775 491 1847 Qui
507 1775 533 1834 si
548 1780 593 1834 est
608 1773 695 1846 deus,
718 1782 831 1852 patrem
847 1790 963 1850 quoque
979 1772 1042 1831 eius
1058 1771 1179 1833 Caelum
1196 1792 1255 1833 esse

195 1861 283 1922 deum
304 1860 501 1920 confitendum
523 1866 577 1918 est.
607 1858 694 1931 Quod
714 1858 739 1918 si
760 1858 798 1918 ita
814 1864 872 1928 est,
895 1855 972 1916 Caeli
988 1874 1107 1934 quoque
1122 1865 1253 1934 parentes

195 1945 234 2005 dii
250 1943 375 2003 habendi
390 1951 468 2013 sunt,
482 1942 590 2003 Aether
605 1950 633 2002 et
647 1942 713 2002 Dies
729 1959 890 2019 eorumque
906 1941 1008 2000 tratres
1021 1951 1050 2000 et
1062 1960 1195 2011 sorores,
1211 1941 1254 2020 qui

194 2048 210 2089 a
226 2027 388 2106 genealogis
400 2027 525 2106 antiquis
537 2028 580 2087 sic
590 2027 789 2099 nominantur,
804 2026 904 2096 Amor,
920 2024 1017 2096 Dolus
1032 2025 1140 2098 Metus
1152 2026 1253 2096 Labor,

194 2111 366 2182 Invidentia,
386 2111 503 2181 Fatum,
520 2112 675 2180 Senectus,
691 2111 786 2183 Mem,
803 2107 965 2181 Tenebrae,
981 2109 1111 2184 Miseria,
1129 2109 1254 2182 Querela.

194 2275 266 2326 dabei
283 2275 345 2324 deno
363 2276 425 2324 auch
438 2274 478 2324 die
491 2274 624 2342 capedinec
636 2278 699 2326 oder
786 2293 859 2342 quera
878 2305 912 2312 —
933 2275 1019 2326 colunt
1041 2275 1076 2326 ad
1096 2277 1253 2328 comdentem

195 2342 699 2460 ⁰⁰p⁰d“'²⁰¹‘'⁰⁶a·⁰‘·w³¹i'¹.faAddidi
752 2343 1181 2462 tttttdhdtdttdhtd
1194 2345 1256 2464 'Ab

194 2411 650 2543 pppafippstptpudprepprvmffindniss
672 2494 700 2528 er
753 2478 929 2529 identifieirten
944 2447 1082 2541 Saturum,
1102 2429 1212 2528 condeio
1226 2493 1255 2526 an

194 2549 236 2598 bei
253 2548 338 2598 scinen
352 2547 482 2597 Zuhbrern
498 2546 544 2596 mit
560 2546 701 2596 Sicherheit
754 2549 826 2596 einen
848 2547 909 2594 oder
934 2547 980 2594 den
1001 2544 1097 2594 andern
1120 2545 1255 2595 lberischen

195 2621 376 2666 voraussetzen
396 2615 506 2664 bonate.
553 2614 610 2678 Vgl.
636 2615 700 2665 Non.

195 2683 274 2734 Nare⁴
292 2699 316 2748 p.
330 2681 378 2732 398
394 2681 482 2732 Mero:
506 2681 543 2733 M.
559 2681 658 2733 Tattius
670 2681 701 2731 do

195 2752 303 2819 republ.
316 2751 356 2800 bb.
370 2751 399 2802 V
398 2750 412 2798 1
415 2770 423 2800 .-
436 2754 518 2802 oratio
531 2754 603 2800 extat
613 2749 701 2811 Laelii,

196 2835 273 2886 pamm
290 2819 513 2869 maiestatemne
533 2819 560 2868 ia
575 2821 700 2877 inanitus,

196 2901 273 2950 petam
284 2888 409 2950 catapum'e
423 2881 574 2951 poniificem
592 2886 641 2936 diis
653 2889 701 2935 im·

196 2951 348 3000 rnortab'bus
363 2958 444 3016 grata
461 2956 524 3016 sint,
541 2951 699 3018 Samiaeque,

197 3018 261 3066 utic
273 3019 368 3079 scabit,
382 3020 523 3084 capeda'nes.

232 3081 273 3129 44,
291 3083 356 3132 Haec
370 3083 512 3134 Carneades
524 3089 613 3136 aiebat.
638 3087 704 3136 Eine.

197 3149 274 3200 Reihe
295 3164 358 3212 ganz
380 3150 508 3199 dholicher
520 3152 638 3202 Schliisse
655 3155 700 3204 des

198 3216 341 3268 Carneades
357 3215 427 3266 Nihrt
443 3217 513 3266 Sext.
526 3218 595 3284 Emp.
614 3235 643 3268 on
657 3220 700 3285 lx,

200 3285 255 3336 182.
301 3286 337 3336 Er
358 3285 446 3334 woNte
473 3286 580 3334 dadurch
605 3288 700 3350 zeigeu,

198 3355 256 3404 dass
286 3355 331 3404 der
359 3353 528 3417 VoiksgIaube
563 3353 630 3404 nieht
662 3355 701 3406 als

198 3421 285 3472 Grnnd
297 3423 382 3485 gelten
396 3421 476 3483 diirfc,
490 3421 558 3471 dicse
569 3423 630 3470 oder
638 3422 699 3485 jcne

197 3488 294 3540 Wesen
312 3491 350 3540 ais
369 3491 461 3541 Gb'tter
480 3491 620 3552 anzusehn‚
642 3491 701 3538 weil

196 3569 251 3603 man
266 3557 328 3605 dann
343 3557 395 3607 sich
412 3559 479 3608 nicht
492 3560 601 3622 weigero
612 3559 701 3622 libone,

155 3677 156 3680 Ἴ
196 3623 259 3670 auch
283 3625 376 3673 andere
403 3627 548 3675 wesentiich
574 3626 701 3689 gleichar-

196 3687 248 3746 tige
265 3689 386 3738 ebensaNs
406 3692 446 3743 iiic
459 3692 551 3742 Gdtter
563 3711 594 3744 zu
607 3694 700 3754 hulten,

196 3765 250 3798 was
267 3766 306 3798 am
324 3755 393 3803 Ende
415 3773 445 3805 zu
463 3760 509 3805 den
527 3761 629 3820 iirgsten
648 3760 700 3808 Ah-

198 3817 338 3932 pppdptliiten
360 3818 449 3869 srihren
470 3824 562 3872 misse.
598 3824 656 3884 vgt.
678 3840 698 3872 c.

232 3917 239 3944 ,
288 3919 293 3929 .

754 2616 816 2664 oder
836 2612 977 2666 Celtischen
996 2610 1071 2674 Gott,
1093 2614 1119 2662 in
1142 2613 1256 2662 weicheri

755 2697 810 2731 man
820 2681 897 2744 jenen
908 2680 1168 2730 wiedemuerkennen
1175 2679 1255 2744 glaub-

754 2757 788 2799 te.
810 2748 868 2811 Vgt.
880 2747 985 2814 Dionys.
999 2747 1056 2797 Ant.
1070 2746 1142 2798 Nom.
1157 2747 1180 2811 l,
1191 2746 1221 2796 38
1234 2761 1255 2794 u.

754 2816 904 2882 Theopomp.
917 2815 957 2864 bei
969 2814 1070 2864 Diodor.
1083 2814 1115 2876 V,
1129 2815 1171 2864 66.

788 2884 888 2935 Aether
909 2887 935 2933 et
949 2883 1011 2932 Dies
1031 2883 1088 2931 sind
1106 2882 1198 2932 Eltern
1215 2882 1254 2931 des

755 2952 852 3005 Uranus
870 2951 930 3000 oder
942 2950 1032 2999 Coetus
1051 2951 1114 3000 nach
1133 2951 1205 3000 einer
1215 2964 1274 2998 en·-

755 3022 817 3070 dern
829 3019 867 3068 ale
880 3017 1136 3080 der-gewdhniichen,
1150 3033 1197 3067 von
1209 3017 1255 3065 Ne·

755 3088 808 3136 siod
821 3093 1020 3150 vorgetragencn
1034 3084 1190 3148 Theogonie.
1217 3084 1257 3132 Je-

755 3169 802 3203 ner
818 3153 882 3217 tolgt
896 3154 957 3202 auch
975 3153 1065 3218 Hygin.
1083 3169 1122 3218 pr.
1136 3169 1160 3218 p.
1174 3153 1200 3216 2,
1220 3165 1255 3200 wo

754 3223 816 3270 auch
834 3223 874 3270 die
892 3222 1153 3283 nochher.genunnten
1168 3220 1257 3269 Briider

754 3290 804 3338 und
817 3289 977 3338 Schwestern
994 3288 1047 3337 sich
1065 3287 1256 3350 grdsstentheib

754 3355 945 3414 wiederfinden,
967 3356 1086 3404 whhrend
1108 3355 1149 3404 bei
1169 3354 1256 3405 Hesiod

755 3427 795 3475 die
814 3424 943 3473 Mehrzahl
963 3423 1096 3472 derseibon
1117 3424 1158 3472 ais
1178 3422 1256 3472 Nach-

755 3491 951 3540 kommenschast
962 3493 1008 3540 der
1019 3489 1100 3540 Nooht
1116 3490 1258 3554 surgerent

754 3560 829 3621 wind,
859 3559 945 3608 womit
974 3560 1036 3607 auch
1061 3557 1112 3607 Cic.
1143 3558 1257 3607 iiberein·

755 3627 861 3686 stimmt,
880 3627 911 3675 da
928 3642 957 3675 er
974 3627 1009 3674 sie
1023 3641 1054 3674 zu
1069 3625 1256 3675 Gesohuistern

755 3695 799 3741 des
812 3694 908 3741 Aether
919 3695 967 3740 und
982 3695 1027 3742 der
1039 3692 1098 3740 Dies
1111 3694 1206 3751 mocht,
1221 3693 1257 3740 die

755 3759 795 3807 bei
808 3759 865 3807 Hes.
878 3757 973 3808 Ninder
985 3761 1031 3808 der
1040 3758 1122 3809 Nucht
1134 3761 1201 3808 sind:
1215 3773 1259 3808 nur

755 3826 813 3872 dass
828 3825 881 3872 hier
891 3825 931 3873 die
944 3825 1026 3876 Nacht
1042 3825 1079 3875 sie
1097 3841 1143 3875 aus
1156 3828 1211 3876 sieh
1224 3827 1259 3876 ai-

754 3890 805 3938 lein
818 3891 923 3952 gehiert,
