2612 4328
188 223 247 285 162
332 243 334 248 -
419 185 421 192 ’
533 211 576 262 un
594 208 732 261 uerum
749 207 935 278 nnonuu‘

185 373 250 446 bis,
271 373 302 433 in
322 387 382 448 quo
401 385 463 428 nou
483 372 603 425 naturae
617 362 692 424 ratio
708 361 893 440 intelligentis
909 357 1068 438 appareat?
1097 361 1247 442 Principio

187 475 292 520 eorum
318 472 390 532 quoe
408 453 575 530 -gignuntur
600 456 710 508 eterra
730 445 837 524 stirpes
857 452 886 504 et
905 443 1091 505 stabilitatem
1111 446 1183 506 dant
1199 447 1246 520 iis,

187 561 261 622 quae
276 538 431 608 sustinent,
447 547 476 596 et
490 528 616 595 ex‘terra
631 549 751 618 sucpum
767 531 895 601 trahunt
912 547 970 607 quo
988 529 1101 590 alantur
1112 549 1156 601 ea,
1172 550 1246 609 quae

186 624 332 688 radicibus
356 621 559 690 eontinentur,
584 616 828 693 obducunturque
847 614 923 674 libro
945 619 995 673 aut
1014 614 1124 674 cortice
1142 615 1245 688 trunci,

188 726 247 790 quo
271 707 331 768 sint
351 727 367 766 a
386 703 543 783 frigoribus
564 709 595 761 et·
613 699 757 771 caloribus
777 698 908 759 tutiores.
940 697 999 762 lam
1021 717 1090 758 vero
1112 699 1184 758 vites
1205 700 1245 760 sic

187 793 332 856 claviculis
353 789 525 851 adminicula
545 794 694 864 tamquam
715 783 850 843 manibus
873 782 1200 862 apprehenduntatque
1215 803 1262 844 se»

187 879 227 940 ita
241 877 368 955 erigunt,
382 882 415 935 ut
429 872 602 934 animantes.
633 869 711 941 Quin
727 868 812 928 etium
828 885 844 926 a
860 866 999 938 caulibus,
1016 867 1041 926 si
1055 875 1179 945 propter
1193 869 1245 928 sati

189 964 260 1038 sint,
281 969 315 1021 ut
329 980 346 1020 a
360 957 506 1038 pestiferis
523 964 550 1016 et
564 953 736 1033 nocentibus
751 953 883 1029 refugere
898 950 1037 1011 dicuntur
1051 968 1108 1010 nec
1123 970 1174 1011 eos
1190 953 1245 1012 ulla

120 1055 226 1108 121ex
251 1052 333 1125 parte
359 1042 536 1119 contingere.
581 1037 781 1098 Animantium
812 1053 881 1096 vero
907 1043 1014 1113 quanta
1039 1035 1166 1096 varietas
1190 1036 1241 1096 est!

189 1138 297 1210 quanta
317 1129 353 1189 ad
373 1146 437 1186 eam
456 1143 518 1184 rem
538 1124 594 1194 vis,
615 1123 697 1182 utin
717 1140 771 1182 suo
794 1138 926 1199 quaeque
942 1137 1046 1198 genere
1061 1118 1242 1197 permaneat!

189 1218 318 1288 Quarum
340 1211 409 1272 aliae
425 1209 512 1269 coriis
528 1214 619 1267 tectae
635 1213 718 1279 sunt,
741 1205 811 1267 aliae
825 1205 898 1264 villis
913 1204 1046 1275 vestitae,
1064 1205 1139 1264 aliae
1155 1205 1243 1282 spinis
1295 1185 1297 1298 l

188 1299 332 1367 hirsutae
347 1295 446 1373 pluma
462 1292 541 1361 alias,
556 1291 625 1352 alias
642 1309 763 1370 squama
777 1289 910 1348 videmus
925 1288 1082 1374 obductam
1098 1289 1173 1349 alias·
1184 1309 1244 1349 esse
1296 1321 1297 1332 .

190 1381 328 1442 cornibus
344 1385 481 1448 armatas,
496 1376 566 1436 alias
581 1375 688 1435 habere
703 1373 806 1452 effugia
817 1391 993 1452 pennarum.
1016 1371 1141 1432 Pastum
1153 1381 1244 1434 autem

189 1464 386 1527 animantibus
405 1463 482 1540 large
498 1468 526 1521 et
540 1460 661 1538 copiose
675 1466 779 1519 notum
794 1477 876 1530 eum,
892 1457 941 1536 qui
957 1448 1064 1535 cuiqu'e
1077 1464 1165 1536 aptus
1180 1467 1244 1528 erat,

190 1548 375 1628 comparavit.
406 1547 584 1606 Enumerare
603 1562 742 1626 possum,
764 1543 799 1603 ad
816 1560 883 1602 eum
898 1549 1017 1620 pastum
1033 1543 1244 1619 capessendum

190 1634 462 1709 conficiendumque
483 1649 555 1709 quae
573 1628 611 1700 sit
626 1628 655 1687 in
672 1627 772 1706 liguris
789 1625 981 1686 animantium
997 1632 1025 1685 et
1040 1644 1131 1704 quarn
1147 1627 1244 1686 sollers

191 1719 364 1797 subtilisque
395 1714 552 1794 descriptio
583 1712 723 1790 partium,
756 1730 902 1789 quamque
932 1710 1113 1770 admirabilis
1142 1696 1244 1770 fibrica

191 1804 399 1864 membrorum.
415 1792 534 1860 ”Omnia
550 1797 642 1868 enim,
662 1815 740 1875 quae·
755 1795 873 1874 quidem
888 1794 967 1854 intus
982 1794 1096 1854 inclusa
1112 1803 1196 1868 sunt,
1210 1796 1245 1854 ita

190 1896 257 1954 nata
272 1895 358 1965 atque
373 1886 412 1946 ita
426 1885 517 1944 locata
534 1888 612 1954 sunt,
628 1888 660 1940 ut
673 1879 744 1939 nihil
760 1897 862 1940 eorum
876 1896 1127 1958 supervacaneum
1140 1881 1186 1952 sit,
1202 1880 1245 1940 ui·

123 1981 171 2032 122
191 1973 232 2032 bil
253 1971 395 2030 advitam
416 1966 598 2035 retinendam
618 1983 680 2024 non
698 1963 904 2024 necessarium.
934 1963 1018 2024 [ledit
1033 1969 1131 2023 eutem
1148 1965 1245 2024 eadem

190 2063 293 2116 natura
311 2052 413 2114 belluis
429 2058 458 2110 et
473 2069 595 2111 sensum
611 2057 639 2109 et
655 2049 830 2128 appetitum,
850 2054 883 2107 ut
897 2047 986 2108 altero
1003 2056 1144 2108 conatum
1159 2048 1245 2108 babe-

191 2146 258 2198 rent
281 2138 317 2197 ad
336 2136 482 2196 naturales
503 2142 605 2213 pastus
622 2133 833 2212 capessendos,
851 2132 941 2192 altero
958 2143 1145 2196 secernerent
1159 2132 1246 2212 pesti-

192 2224 251 2282 fera
270 2240 286 2282 a
307 2219 492 2280 salutaribus.
522 2219 581 2276 lam
601 2236 672 2277 vero
693 2217 747 2278 alia
767 2216 900 2296 animalia
920 2216 1094 2296 gradiendo,
1117 2217 1172 2278 alia
1188 2236 1247 2277 ser-

192 2307 290 2384 pendo
310 2304 347 2365 ad
366 2311 484 2382 pastum
499 2302 651 2371 accedunt,
671 2303 724 2362 alia
738 2301 876 2371 volando,
893 2301 946 2361 alia
961 2301 1073 2373 nando:
1095 2302 1248 2380 cibumque

191 2389 299 2469 partim
320 2387 379 2449 oris
398 2388 478 2448 hiatu
497 2395 525 2461 et
544 2386 682 2446 dentibus
703 2385 775 2464 ipsis
793 2394 962 2462 capessunt,
981 2386 1088 2463 partim
1104 2386 1247 2462 unguium

190 2474 343 2535 tenacitate
363 2473 517 2552 arripiunt,
543 2470 648 2550 partim
669 2470 832 2530 aduncitate
852 2477 1033 2542 rostrorum3
1059 2471 1113 2530 alio
1134 2478 1247 2548 sugunt
1295 2499 1296 2516 .

191 2559 244 2620 alia
260 2566 396 2638 carpunt,
417 2557 470 2618 alia
484 2562 599 2628 vorant,
619 2555 671 2615 alia
687 2554 838 2615 mandunt.
868 2553 961 2633 Atque
975 2555 1062 2615 etiam
1078 2555 1205 2616 aliorum
1217 2573 1247 2614 ea

225 2753 277 2814 47.
291 2761 347 2812 120.
360 2779 377 2812 a
389 2761 511 2823 caulibus,
524 2759 579 2809 dh.
589 2773 605 2807 u
617 2760 691 2807 bros-
744 2755 893 2807 vorlommt.
925 2756 993 2805 Docb
1014 2756 1058 2806 bet
1077 2754 1189 2818 luvenal.
1207 2754 1245 2818 tv,

190 2833 260 2880 sicis.
283 2830 352 2878 Demi
366 2830 390 2878 in
401 2829 484 2877 dieser
496 2823 632 2892 speciellen
644 2825 691 2872 Be·
746 2824 790 2873 25:
803 2825 849 2874 doc
858 2825 974 2890 pretium
984 2839 1108 2888 spumaue
1120 2824 1161 2873 fiir
1172 2838 1246 2890 sparu-

191 2899 301 2958 deutuug
320 2896 414 2944 koromt
434 2895 518 2944 caulos
535 2891 619 2954 biiubg
636 2907 691 2940 vor.
744 2907 855 2952 inarum,
867 2892 891 2939 d.
904 2892 927 2939 b.
938 2893 1019 2958 piscis
1031 2894 1171 2956 squamosi.

191 2961 218 3010 S.
235 2960 358 3010 Heindorf
372 2977 403 3009 zu
415 2961 474 3010 lior.
489 2961 541 3010 Sat.
554 2958 586 3022 ll,
605 2959 632 3017 4,
651 2957 691 3006 15.
780 2957 837 3008 122.
854 2958 936 3008 altero
957 2963 1077 3008 conabam
1090 2960 1149 3010 dab.
1165 2987 1199 2994 -—
1212 2958 1247 3007 al·

191 3027 275 3077 [luber
299 3026 379 3076 beben
405 3028 467 3076 euch
495 3026 551 3074 bier
577 3027 692 3073 mehrere
747 3029 910 3076 teroaccem.
932 3025 979 3074 Ein
993 3025 1247 3088 segenenntchbia-

191 3091 384 3143 Huudschriftcn
397 3093 518 3142 brussico's
536 3091 574 3140 uls
587 3091 692 3140 Glossc-
708 3103 709 3107 ’
747 3107 828 3153 smus3
841 3094 905 3142 deno
916 3094 960 3142 das
971 3100 1039 3143 erste
1049 3093 1131 3144 allero
1140 3091 1250 3157 gebtauf

191 3175 241 3225 ma,
257 3175 311 3209 wes
328 3160 391 3209 derm
410 3160 495 3224 spiiter
506 3158 581 3207 durch
596 3157 635 3206 eiu
647 3173 692 3208 en·
746 3161 790 3209 des
804 3161 900 3210 zuletzt
908 3167 1031 3223 gennente
1041 3165 1194 3227 appetitum,
1206 3161 1247 3209 das

191 3229 328 3294 gebiingtes
345 3244 393 3294 que
408 3228 431 3276 in
450 3227 496 3276 deu
513 3223 623 3274 context
641 3226 693 3275 ein·
747 3227 837 3276 zweite
849 3226 895 3277 euf
905 3228 948 3276 des
959 3234 1046 3277 zuerst
1055 3236 1182 3290 gennente
1194 3243 1247 3278 reo·

190 3295 331 3362 geltigtiec
746 3293 812 3343 cuin.

227 3364 283 3414 121.
295 3367 371 3414 coriis
384 3367 471 3414 tectae.
493 3360 576 3410 llcmit
586 3360 641 3409 sind
652 3360 692 3409 die
780 3365 856 3426 utque
871 3365 950 3412 etiem
961 3363 1074 3414 aliorum
1084 3391 1127 3412 —.
1147 3364 1185 3414 lle
1197 3363 1249 3412 eice
1294 3381 1295 3390 ¹

191 3432 409 3497 sog.llickl1iiuter
422 3429 632 3496 (Pocbydcrmeul
646 3442 693 3489 ge·
747 3427 1008 3494 Gegeniiberstelluug
1026 3431 1071 3479 der
1090 3431 1249 3494 niedrigereu

191 3501 278 3560 breint,
296 3516 328 3550 zu
339 3500 418 3549 denen
437 3499 482 3548 der
493 3496 629 3562 Elepbcut,
646 3495 691 3544 dus
746 3497 807 3546 oder
823 3496 1032 3561 lurzbeinigeren
1049 3499 1099 3547 und
1117 3500 1165 3548 der
1176 3499 1251 3548 biibc-

191 3566 314 3631 Nesbom,
327 3569 372 3617 das
382 3566 504 3632 Nilpferd‚
513 3565 558 3614 dus
567 3561 691 3626 Scbwoin,
745 3579 791 3613 ren
802 3563 894 3614 'l'biere
907 3566 1053 3629 smttfindet,
1068 3581 1096 3614 so
1106 3567 1184 3616 sollte
1196 3580 1250 3614 mar

190 3648 216 3682 u
229 3647 266 3682 ec.
279 3635 397 3695 genereo.
655 3697 660 3708 Ι
746 3631 968 3708 necbdiesemeuf
977 3634 1017 3682 die
1030 3633 1251 3694 ersteoenbenig-

192 3698 692 3832 l.ttttnt,tf⁰t¹tto.¹tl⁰¹lf.b
745 3697 1251 3830 ll⁰l⁰ldtttbtt”ttll‘¹t⁰.ttlt”

112 3885 114 3888 ,
193 3829 336 3891 (Geboderl
361 3833 455 3895 bliufig,
480 3849 586 3897 squam
609 3832 692 3881 seiten
746 3837 825 3881 elwa:
854 3833 905 3884 alta
929 3839 1032 3900 aotam,
1063 3851 1128 3900 quoe
1157 3836 1252 3886 altiora
