2622 4326
185 259 244 320 rao
381 327 385 332 .
533 253 577 306 na
594 251 731 304 narona
748 249 888 302 unonuu

128 423 163 474 46
182 412 270 474 deum
292 408 427 468 iudicem.
468 405 521 466 llio
547 423 633 485 quam
652 405 730 489 polet
747 404 893 484 Epicurus
917 401 1038 474 iocetur,
1065 402 1161 463 homo
1189 419 1254 462 nou

181 493 351 575 aptissimus
365 493 400 553 ad
415 491 572 552 iocandum
587 479 767 568 minimeque
781 489 924 574 resipiens
936 487 1068 566 patriam,
1083 494 1113 547 et
1124 487 1210 548 dieat
1222 506 1254 547 se

180 596 242 640 non
256 597 347 657 posse
362 576 527 654 intelligere,
542 574 634 654 qualis
649 573 686 634 sit
697 573 832 634 volubilis
845 581 873 634 et
883 573 1028 632 rotundus
1040 571 1129 632 deus:
1146 580 1254 632 tamen

181 683 216 726 ex
235 664 305 734 hoc,
326 661 506 740 quodetiam
522 659 586 738 ipse
601 658 719 738 prohat,
739 675 901 737 numquam
916 656 1116 718 memorabit.
1148 656 1254 716 Placet

181 748 260 810 enim
279 747 318 808 illi
338 765 402 808 esse
422 747 508 817 dece,
532 745 597 822 quia
617 739 737 804 neeesse
756 743 794 803 sit
812 749 1010 822 praestantem
1030 759 1097 802 esse
1118 740 1252 820 aliquam

181 823 329 908 naturam,
347 851 402 910 qua
417 831 487 891 nihil
502 829 541 890 sit
555 827 669 888 melius.
698 828 806 888 blundo
822 835 921 888 autem
937 834 1015 886 certe
1030 825 1103 886 nihil
1119 819 1167 888 'est
1184 845 1251 886 me-

128 929 161 978 tr
182 919 249 980 lius.
278 917 338 978 Nec
352 915 485 987 dubium,
504 913 587 992 quin,
605 913 683 990 qued
699 912 831 974 animans
848 912 886 972 sit
901 911 1061 989 habeatque
1076 929 1207 971 sensum
1223 923 1252 972 et

181 1003 325 1064 rationem
340 1009 368 1060 et
382 1007 518 1071 mentem,
534 998 563 1057 id
579 998 619 1058 sit
632 998 736 1058 melius
752 1015 839 1076 qnam
854 997 893 1070 id,
910 995 989 1074 quod
1003 995 1051 1056 his
1068 1003 1175 1056 careat.
1208 996 1251 1056 lta

183 1087 306 1150 efficitur
321 1085 505 1155 animantem,
521 1100 636 1155 senene,
651 1083 766 1156 mentis,
780 1081 903 1142 rationis
919 1081 1064 1141 mundum
1080 1099 1148 1140 esse
1161 1099 1249 1140 oom-

182 1180 298 1250 potem:
314 1189 371 1248 qua
385 1169 497 1228 ratione
516 1167 602 1226 deum
617 1184 683 1228 esse
697 1168 839 1228 mundum
860 1165 1051 1226 concluditur.
1095 1165 1152 1225 Sed
1176 1166 1249 1225 haee

182 1256 278 1334 paullo
293 1262 363 1332 post
378 1251 488 1312 facilius
504 1259 720 1328 cognoscentur
734 1271 769 1311 ex
783 1251 818 1311 iis
834 1249 921 1312 rebus
933 1250 1014 1329 ipsis,
1029 1268 1103 1328 quas
1115 1251 1250 1310 mundus

125 1339 167 1401 18
183 1338 279 1399 efficit.
307 1337 431 1408 Interea,
448 1335 544 1408 Vellei,
559 1335 632 1407 noli,
649 1354 773 1415 quaeso,
788 1342 900 1414 praete
915 1336 990 1395 serre
1012 1353 1066 1394 vos
1088 1335 1178 1412 plane
1198 1353 1249 1396 ex-

182 1429 280 1502 pertes
296 1441 361 1482 esse
378 1421 534 1482 doetrinae.
564 1421 676 1482 Cenum
689 1420 741 1481 tibi
753 1420 795 1480 ais
808 1429 836 1481 et
848 1419 1011 1499 cylindrum
1022 1426 1051 1478 et
1061 1418 1250 1502 pyramidem

183 1506 380 1587 pulchriorem
408 1523 493 1584 qnam
521 1505 676 1583 sphaeram
701 1505 805 1576 videri3
835 1523 944 1565 novum
975 1503 1060 1564 etiam
1088 1504 1250 1564 oculorum

183 1592 321 1654 iudicium
341 1590 461 1651 hebetia.
493 1589 550 1650 Sed
570 1591 629 1662 sint
648 1590 703 1650 ista
721 1589 903 1668 pulchriora,
924 1589 1072 1650 dumtaxat
1089 1589 1248 1666 adspectu:

184 1678 262 1757 quod
289 1676 360 1738 mihi
386 1683 483 1736 tamen
504 1675 602 1753 ipsum
622 1692 685 1735 non
698 1674 824 1753 uidetur:
851 1674 919 1752 quid
939 1672 1017 1734 enim
1038 1673 1196 1751 pulchrius
1217 1693 1250 1734 ea

183 1764 290 1840 figura,
306 1779 380 1839 quae
396 1761 457 1821 sola
474 1778 577 1820 omnes
593 1758 664 1820 alias
679 1753 787 1836 fi'girras
803 1759 952 1837 complexa
969 1757 1099 1818 continet
1114 1775 1250 1836 quaeque

183 1847 256 1908 nihil
275 1845 438 1925 asperitatis
458 1844 580 1917 habere,
606 1844 679 1904 nihil
699 1843 871 1905 offensionis
892 1849 1005 1921 potest,
1024 1841 1097 1902 nihil
1117 1842 1250 1904 incisum

183 1932 315 2009 nugalia,
346 1930 417 1990 nihil
447 1929 647 2003 amfractibus,
677 1929 749 1990 nihil
774 1929 921 2002 eminens,
951 1927 1022 1988 nihil
1048 1925 1250 1988 lacunosum?

184 2033 332 2096 quumque
365 2015 438 2074 duae
468 2014 579 2076 formae
608 2021 789 2094 praestantes
821 2014 898 2086 sint,
932 2031 967 2072 ex
997 2011 1099 2072 solidis
1130 2012 1250 2088 globus,

185 2099 245 2175 (sic
270 2099 349 2158 enim
376 2114 397 2158 σ
425 2096 519 2180 αἴραν
544 2098 727 2177 interpretari
748 2099 870 2176 placeb)
899 2089 933 2157 eir
953 2095 1047 2176 planis
1067 2093 1167 2156 autern
1191 2097 1249 2158 cir-

184 2183 265 2244 culus
292 2189 341 2242 aut
367 2117 459 2253 erlis,
487 2181 535 2258 qui
562 2176 677 2256 κύκλος
697 2183 805 2244 Graece
830 2183 947 2244 dicitur:
973 2181 1020 2242 his
1047 2180 1162 2242 duabus
1185 2183 1249 2244 ler-

184 2267 240 2327 mis
278 2265 420 2342 contingit
448 2265 532 2339 solis,
568 2274 602 2326 ut
630 2286 733 2328 omnes
759 2285 860 2328 earum
888 2273 986 2346 partes
1017 2267 1076 2326 sint
1106 2266 1187 2327 inter
1217 2287 1249 2328 so

184 2351 360 2423 simillimae,
396 2369 412 2410 a
444 2349 600 2429 medioque
634 2359 747 2414 tantum
783 2351 859 2413 absit
888 2359 1063 2424 extremum,
1101 2360 1247 2430 quantum

215 2535 258 2587 46.
271 2537 424 2602 minimeque
431 2538 556 2604 resipiens
564 2539 685 2604 patriam,
738 2537 830 2588 beben:
853 2535 917 2588 allud
939 2541 1022 2586 tomen
1043 2540 1113 2587 certe
1134 2539 1248 2604 rnenq'se-

127 2633 131 2648 .·
183 2605 207 2655 d.
220 2605 243 2654 h.
256 2607 380 2655 Atticam.
405 2604 477 2655 Denn
486 2607 571 2655 Attici
579 2611 686 2674 praeter
739 2611 810 2656 stum
822 2609 874 2669 est,
892 2605 957 2655 harae
968 2604 1180 2670 aequabilitatem
1193 2622 1246 2656 me-

182 2677 281 2724 ceteros
292 2675 433 2739 infacetus
446 2673 579 2737 eccellent,
593 2673 644 2724 Cic.
654 2675 685 2724 de
742 2678 784 2725 tue
797 2677 843 2724 etc.

183 2739 227 2791 0r.
239 2739 267 2806 ll,
278 2739 387 2805 545217.
412 2741 496 2792 Ueber
506 2744 621 2811 resipere
632 2743 685 2805 vgl.
765 2742 903 2792 denetaoeet
912 2741 1046 2808 adspectu:
1059 2757 1092 2804 „n
1101 2756 1137 2790 ur
1145 2741 1247 2803 ledig-

184 2807 250 2858 Gell.
263 2807 307 2869 lll,
321 2808 348 2857 3:
366 2807 424 2860 Non
437 2809 541 2860 dubium
556 2813 608 2871 eet,
625 2813 685 2876 quin
738 2807 1055 2870 licbvonAnseben,“
1065 2809 1120 2857 dh.
1130 2809 1247 2858 insulem

181 2875 365 2940 istaesabulae
376 2879 501 2944 resipiant
511 2879 599 2928 stilum
607 2877 685 2928 Plou-
738 2892 792 2926 man
806 2877 853 2926 den
863 2875 1007 2942 Ausspruch
1020 2876 1076 2924 bles
1088 2875 1195 2926 hieranl
1203 2876 1246 2926 be-

183 2946 273 2991 linum.
739 2944 866 2994 schriinkt.

217 3008 258 3055 47.
280 3008 365 3074 paullo
381 3014 450 3074 pest.
473 3009 587 3062 Niimlicb
603 3029 624 3062 e.
642 3012 684 3076 22,
699 3014 702 3024 ⁴
770 3013 875 3078 globus,
893 3014 930 3062 eie
947 3014 1014 3062 enim
1027 3023 1075 3080 σῳ.
1093 3014 1141 3061 int.
1151 3011 1244 3080 placet.

182 3073 215 3123 58
227 3073 253 3122 ff.
738 3079 784 3128 Die
799 3077 889 3130 Worte
902 3081 995 3130 deuten
1011 3094 1056 3142 an,
1074 3079 1134 3128 dass
1149 3079 1246 3144 glebas

217 3131 269 3192 18.
286 3140 340 3220 nqle'
347 3156 411 3210 prae
423 3146 447 3191 te
453 3144 548 3207 serre:
559 3144 642 3210 „trag'
656 3162 684 3197 es
737 3147 763 3196 in
775 3146 1246 3210 diesermathematisehenhedeutnng

182 3210 250 3260 nicht
262 3223 290 3259 so
301 3208 583 3274 sichtbarzurSehau,“
595 3212 633 3261 als
647 3214 684 3264 sei
738 3229 770 3263 zu
787 3213 897 3266 Cicero’s
913 3214 972 3266 Zcit
988 3215 1050 3264 noch
1072 3213 1141 3266 nicht
1162 3216 1245 3279 allge-

181 3294 210 3330 es
222 3285 302 3328 etwas
312 3275 469 3328 Riihmliohes
481 3279 531 3328 und
543 3279 610 3329 nicht
619 3281 683 3330 viel·
736 3283 802 3332 mein
814 3283 989 3346 gehrinchlieh
997 3297 1117 3345 gewesen
1126 3283 1174 3332 sei.
1198 3283 1245 3334 Ur-

180 3348 251 3398 mehr
264 3344 459 3412 Schimplliehes.
482 3406 486 3410 .
600 3374 602 3380 ‚
738 3351 881 3430 spriinglich
903 3351 937 3400 ist
957 3365 985 3400 es
1006 3349 1118 3400 ellenhar
1135 3365 1185 3400 nur
1203 3351 1244 3400 ein

216 3415 313 3466 Coeum
326 3417 373 3466 tihi
381 3417 422 3466 oie
434 3419 479 3465 etc.
504 3413 530 3464 S.
543 3413 560 3478 l,
575 3413 614 3478 to,
624 3413 666 3465 24.
737 3417 898 3483 hlumpen,
920 3419 1052 3469 verwandt
1067 3418 1113 3468 mit
1126 3417 1243 3482 gimnus,

214 3481 266 3534 Sed
277 3487 330 3534 siet
345 3485 395 3536 reta
406 3483 552 3552 pulchriora
564 3509 608 3531 —.
632 3483 684 3534 Der
738 3485 787 3534 wie
800 3487 876 3535 sehon
885 3485 1060 3550 Priscianus,
1072 3485 1106 3536 44
1117 3485 1242 3536 hemerkt.

182 3549 325 3614 Gegeusatz
343 3567 423 3618 gagen
444 3553 513 3602 diese
531 3551 682 3602 Concession
739 3549 831 3604 urcem
844 3552 1241 3604 terraeheisstesanch'l'nsoul.

180 3616 215 3666 ist
227 3618 305 3668 durch
323 3620 523 3684 eingeschebenc
535 3619 682 3670 Zwischen·
736 3619 755 3684 l,
766 3619 807 3682 28,
818 3620 851 3670 69
860 3637 885 3670 n.
897 3622 930 3671 im
942 3621 1026 3672 Semo.
1036 3621 1103 3687 Seip.
1114 3636 1136 3670 o.
1147 3621 1173 3672 4.
1192 3621 1240 3671 Se·

181 3685 252 3734 siltze
264 3685 355 3736 walter
365 3689 455 3740 hinans
466 3688 619 3752 gescboben,
632 3687 683 3738 und
737 3703 800 3737 neca
816 3704 855 3753 qu.
872 3696 924 3738 nat.
941 3688 984 3751 lV,
1000 3689 1029 3740 11
1050 3705 1075 3738 u.
1098 3687 1168 3738 diter
1185 3695 1242 3752 sagt

179 3751 245 3814 l'olgt
265 3757 318 3802 erst
339 3753 362 3814 ξ.
382 3755 429 3818 48,
450 3756 555 3805 cherin
576 3755 683 3807 enderer
733 3755 796 3822 pila,
808 3756 857 3805 wie
869 3757 931 3806 auch
943 3755 1039 3806 Plinius
1051 3757 1195 3808 mehrmals.

179 3818 264 3870 Fortu.
307 3816 376 3866 Olane
406 3821 446 3869 die
475 3821 682 3872 Zwischenslitae
734 3877 745 3886 ,
769 3837 787 3872 a
805 3822 939 3888 mdioque
952 3849 988 3860 -
1003 3839 1021 3874 a
1043 3839 1155 3874 summo.
1190 3825 1242 3876 llus

179 3886 266 3938 wiirde
290 3882 341 3934 Cic.
365 3891 431 3934 etwa
459 3901 487 3934 so
511 3887 682 3950 lortgelahren
735 3888 887 3942 Aeusserste
904 3891 1077 3955 (eruentem)
1095 3893 1141 3942 der
1155 3889 1242 3956 lingel
