2612 4328
178 299 240 362 172
524 295 568 345 on
585 235 720 346 nunnus
737 289 876 342 nnonuu

176 450 331 522 actionem.
360 447 425 510 lluc
439 446 513 508 adde
526 465 643 521 nervos,
658 445 796 526 aquibus
811 451 891 514 artus
907 441 1102 515 continentur,
1116 459 1241 504 eorum·

178 554 234 616 qne
253 531 481 613 implicationem
502 539 564 594 toto
582 548 707 611 corpore
721 530 929 610 pertinentem:
952 526 1000 606 qui
1015 524 1092 588 sicut
1107 545 1197 588 venae
1211 535 1242 587 et

120 620 161 681 to
179 617 298 682 arteriae
312 637 329 679 a
344 617 433 679 corde
448 617 530 679 tracti
545 623 573 678 et
586 615 710 695 proiecti
724 615 755 676 in
770 631 879 693 corpus
896 629 983 672 omne
998 610 1154 674 ducuntur.
1193 612 1240 674 to

99 715 158 766 ,140
178 705 255 766 banc
269 701 480 783 providentiam
495 710 614 764 naturae
628 708 688 764 tam
703 699 871 777 diligentem
888 705 1003 776 tamque
1018 696 1169 756 sollertem
1184 697 1239 758 ad-

178 788 259 868 iungi
279 788 370 850 multa
387 795 528 868 possunt,
549 786 685 866 equibus
700 783 883 863 intelligatur,
903 788 1029 861 quantae
1042 798 1092 842 res
1107 779 1238 842 homini-

177 873 234 936 bus
252 875 281 950 [a
297 873 378 950 diis,]
400 889 544 953 quamque
563 871 684 932 eximiae
704 869 828 930 tributae
847 868 920 928 sint:
947 885 1019 947 quae
1037 864 1169 945 primum
1185 884 1238 925 eos

177 959 268 1020 humo
285 957 426 1019 excitatos
442 957 537 1018 celsos
553 965 581 1018 et
595 964 709 1017 erectos
725 953 890 1025 constituit,
906 951 1077 1032 utdeornm
1093 949 1237 1029 cognitio-

177 1062 245 1106 nem
262 1043 373 1104 caelnm
387 1041 534 1102 intuentes
550 1059 653 1121 capere
668 1047 801 1121 possent.
831 1038 907 1100 Sunt
921 1036 999 1098 enim
1014 1056 1030 1096 e
1045 1044 1124 1097 terra
1138 1034 1237 1096 bomi-

177 1146 245 1202 nes,
269 1145 333 1188 non
357 1134 390 1188 nt
413 1126 525 1188 incolae
552 1134 638 1206 atque
662 1127 854 1198 habitatores,
881 1123 933 1184 sed
952 1122 1036 1202 quasi
1055 1129 1236 1201 spectatores

179 1229 352 1291 superarum
366 1229 466 1272 rerum
482 1220 567 1290 atque
582 1211 757 1283 caelestium,
773 1227 898 1290 quarum
911 1207 1108 1287 spectaculum
1122 1207 1158 1268 ad
1171 1209 1237 1268 nul·

177 1295 238 1357 lum
254 1294 333 1356 aliud
347 1313 439 1374 genus
454 1295 644 1356 animantium
657 1297 797 1376 pertinet:
815 1295 929 1355 Sensus
939 1301 1045 1366 antem,
1060 1292 1236 1371 interpretes

178 1398 213 1442 ac
226 1379 321 1448 nuntii
335 1397 448 1452 rerum,
465 1379 496 1439 in
511 1381 604 1458 capite
617 1388 765 1460 tamquam
780 1381 812 1440 in
827 1398 893 1440 arce
908 1377 1029 1438 mirifice
1043 1377 1080 1438 ad
1095 1395 1169 1438 usus
1184 1395 1237 1438 ne-

179 1465 321 1526 cessarios
337 1472 365 1526 et
381 1464 446 1527 lacti
460 1471 488 1526 et
503 1465 634 1527 collocati
648 1473 726 1528 sunt.
757 1465 831 1526 Nam
848 1463 923 1525 oculi
938 1471 1089 1542 tamquam
1102 1461 1237 1541 specula-

176 1556 256 1610 tores
277 1549 450 1611 altissimum
471 1550 568 1610 locum
586 1550 732 1623 obtinent,
754 1569 789 1611 ex
804 1569 863 1628 qno
879 1547 1012 1628 plurima
1020 1547 1236 1626 conspicientes

109 1639 155 1690 141
177 1634 335 1714 iungantur
348 1654 402 1696 suo
415 1652 544 1719 munere.
561 1635 598 1695 Et
610 1653 704 1708 aures,
716 1653 807 1714 quum
821 1652 928 1694 sonum
939 1632 1090 1712 percipere
1102 1633 1237 1704 debeant,

177 1719 225 1798 qui
246 1729 347 1782 natura
370 1720 427 1797 [in]
452 1719 576 1780 sublime
591 1721 691 1794 lertnr,
711 1728 788 1780 recte
803 1719 833 1779 in
850 1718 914 1780 altis
929 1735 1088 1796 corporum
1103 1717 1236 1796 partibus

178 1802 334 1867 collocatae
349 1813 426 1866 sunt.
455 1805 584 1882 Itemque
598 1822 699 1877 norm,
720 1823 755 1864 eo
777 1799 856 1881 qno‘d
871 1801 968 1862 omnis
985 1801 1061 1862 odor
1076 1802 1112 1862 ud
1129 1819 1236 1880 supera

176 1889 277 1964 fertur,
291 1896 368 1950 reete
382 1907 500 1950 sursum
516 1897 598 1950 sunt:
620 1896 648 1949 et
663 1888 741 1968 quod
758 1887 813 1948 cibi
828 1894 857 1948 et
871 1885 1000 1965 potionis
1016 1885 1159 1947 iudicium
1173 1905 1237 1946 ma-

177 1989 266 2050 gnum
289 1971 391 2035 cirum
407 1981 463 2046 est,
483 1991 544 2034 non
562 1973 625 2034 sine
640 1990 743 2034 caussa
758 1971 932 2032 vicinitatem
948 1970 1010 2031 oris
1026 1979 1144 2032 secutae
1159 1979 1236 2032 sunt

176 2056 237 2116 lam
258 2065 403 2134 gustatus,
424 2057 474 2136 qni
494 2059 602 2118 sentire
622 2075 724 2118 eorum
740 2056 844 2135 quibus
860 2055 1005 2116 vescimur
1020 2073 1127 2133 genera
1144 2053 1237 2128 debet,

175 2139 286 2200 habitat
305 2141 335 2200 in
355 2159 387 2200 ea
406 2149 489 2219 parte
510 2141 584 2216 orie,
604 2161 660 2220 qua
675 2140 830 2201 esculentis
847 2147 875 2201 et
888 2139 1048 2218 potulentis
1063 2139 1119 2200 iter
1134 2148 1238 2202 natma

176 2224 317 2300 patelecit.
348 2224 454 2284 Tactus
476 2233 573 2286 autem
592 2235 656 2286 toto
678 2243 803 2305 corpore
823 2224 1008 2303 aequabiliter
1021 2225 1111 2285 susus
1124 2231 1183 2298 est,
1205 2233 1238 2284 ut

178 2323 280 2368 omnes
301 2307 375 2368 ictus
397 2326 559 2389 omnesque
579 2309 718 2370 minimos
737 2320 766 2370 et
785 2309 901 2388 frigoris
921 2316 950 2368 et
969 2309 1073 2369 caloris
1095 2309 1237 2388 appulsus

176 2391 284 2454 sentiro
307 2392 465 2472 possimus.
505 2394 613 2472 Atque,
637 2401 670 2454 ut
692 2395 724 2454 in
752 2393 888 2454 aediliciis
918 2393 1066 2454 architecti
1098 2401 1233 2455 avertunt
1299 2399 1300 2408 ’

211 2508 268 2560 139.
286 2512 330 2577 qot'
341 2537 374 2546 —
387 2525 403 2560 a
415 2509 491 2561 corde
503 2512 588 2561 tracti.
613 2511 677 2561 llass
731 2513 806 2576 quari
821 2513 982 2576 cognationis
997 2511 1169 2578 donueilr'ique
1183 2514 1238 2579 pn·-

175 2579 215 2629 die
227 2577 329 2630 Nerven
346 2593 402 2628 vom
416 2579 515 2638 lleraen
531 2579 676 2643 ansgingeo,
731 2580 795 2628 ctiori
804 2583 968 2646 conspectum
979 2583 1110 2630 eoedtcudt.

174 2646 309 2710 widerlegt
321 2645 444 2697 ebenlalls
458 2646 537 2697 Galen
553 2648 592 2697 als
604 2647 677 2696 einen
766 2663 780 2696 e
796 2650 866 2696 terro
880 2647 994 2696 homines
1006 2674 1052 2696 —.
1077 2647 1129 2696 Dos
1147 2662 1179 2696 an
1197 2647 1237 2696 dic

175 2729 224 2765 von
245 2713 347 2776 Vielen,
371 2716 434 2764 aucb
455 2729 505 2764 von
525 2714 677 2764 Aristoteles
731 2713 1239 2778 Spitzegestelltecterropnssteigent-

174 2782 296 2844 gebegten
313 2781 433 2846 lrrtbnm,
454 2781 479 2831 in
496 2783 542 2832 der
559 2782 629 2832 Scbr.
647 2783 677 2831 de
732 2781 780 2830 licb
798 2797 846 2829 nor
862 2797 893 2829 zu
905 2782 961 2830 dem
980 2782 1012 2830 im
1024 2782 1133 2832 zweiten
1147 2781 1237 2832 Gliede
1299 2781 1300 2796 ³

173 2848 290 2914 Hippocr.
309 2857 336 2898 et
351 2848 416 2900 Plnt.
434 2851 516 2912 dogm.
535 2849 578 2899 lib.
596 2849 614 2898 1.
641 2849 677 2898 Es
731 2847 865 2911 folgenden
877 2853 1046 2915 spectatores,
1058 2864 1113 2912 mas
1125 2849 1181 2899 dem
1194 2849 1238 2898 Ci-

174 2916 274 2966 beissen
286 2915 348 2964 abor
358 2918 439 2978 nant,
452 2916 501 2965 wie
510 2917 602 2985 νεῦρα,
615 2917 677 2965 anob
732 2931 798 2982 cero,
811 2916 849 2965 uls
862 2930 892 2964 er
902 2916 949 2966 den
963 2916 1025 2966 Satz
1037 2917 1144 2980 begnod,
1159 2917 1237 2966 sebon
1299 2899 1300 2970 l

175 2981 214 3030 die
227 2980 349 3030 Flecbsen
362 2983 412 3032 und
426 2982 540 3045 Sebosu,
554 2983 676 3045 teredines,
730 2983 917 3044 vorsebwcbte,
936 2999 983 3034 vor
999 2984 1111 3034 wclcbes
1130 2999 1160 3034 et·
1175 2983 1238 3033 aber
1299 3027 1300 3046 ,

175 3041 327 3113 oaivdeopu,
336 3049 386 3096 und
395 3049 420 3097 in
430 3049 524 3098 diesem
534 3050 610 3099 Sione
620 3057 677 3112 sogt
731 3052 804 3114 donn,
817 3051 862 3100 des
875 3048 1048 3114 Gegensatzes
1060 3065 1160 3117 wesen,
1173 3053 1236 3101 nocb

174 3112 224 3162 Cic.
224 3183 252 3230 m
254 3127 358 3174 nemos,
375 3116 492 3178 aquibus
507 3119 582 3166 ortus
596 3119 676 3166 eonti-
730 3119 774 3166 das
793 3119 908 3181 negative
928 3116 1002 3168 Glied
1021 3135 1071 3170 nou
1090 3123 1121 3170 ut
1141 3118 1238 3170 buculae

173 3195 222 3230 narr
253 3195 274 3230 r.
730 3185 902 3236 -eioscbob

207 3272 336 3362 503140,
360 3283 396 3334 ad
405 3283 469 3334 pm,
480 3283 674 3362 swa-dmm·
762 3250 885 3370 {pm
898 3253 1005 3370 sauppe
1020 3269 1042 3370 pl.
1057 3270 1089 3303 zu
1102 3269 1124 3304 o.
1141 3253 1180 3319 16,
1195 3254 1237 3371 op

172 3349 487 3434 Abgeturztcrnusarpct
498 3349 550 3433 [⁰¹1²
563 3352 674 3415 adkm'
745 3385 785 3435 lbr
797 3385 894 3438 Urtbeil
911 3336 1238 3452 illtairotti'grom'iviecir:

172 3434 235 3484 quoe
255 3419 286 3470 da
304 3419 546 3486 prestmeade.
566 3448 600 3456 -
624 3420 674 3469 Das
727 3423 844 3518 pisum
868 3454 926 3518 νει.
940 3471 961 3505 c·
975 3455 1016 3518 58,
1031 3455 1087 3506 146·

172 3485 233 3550 iolg.
250 3504 267 3538 a
282 3487 331 3538 dole
354 3489 407 3550 (od.
428 3503 444 3537 a
463 3486 509 3538 deo
530 3487 554 3538 in
576 3487 674 3537 'tilteren
762 3535 803 3571 om
885 3525 978 3572 em„-

172 3552 673 3616 Anus.)istwnbrscbcinlicbelonnecb-
743 3538 916 3640 meumst
939 3539 1081 3640 ῗὶζηῗιῖ
1098 3523 1238 3642 ssppnlfim'

171 3626 213 3669 Μ’
224 3619 327 3671 zum·
726 3625 847 3706 imolen
870 3656 927 3720 vgt.
939 3657 1003 3707 oben
1012 3656 1031 3720 l,
1042 3606 1143 3724 22:⁵63?
1151 3607 1237 3709 cmg-

205 3716 282 3766 llumo
295 3722 419 3770 excitatos
431 3725 477 3770 ete.
493 3720 551 3784 Vgl.
557 3722 588 3771 de
594 3721 673 3784 nass.
728 3722 775 3772 bns
784 3725 895 3774 ciebimus
909 3729 1053 3792 temporum
1064 3729 1179 3794 pruteno.
1193 3725 1236 3788 111,

172 3781 223 3846 1,9,
234 3781 280 3830 26:
292 3791 546 3849 umqumnceteras
557 3791 674 3838 munan-
728 3787 769 3850 35,
786 3787 829 3838 86:
847 3793 933 3842 omnm
948 3793 1057 3843 murima
1072 3798 1176 3844 corant.
1203 3794 1237 3843 de

173 3853 212 3900 us
228 3850 340 3911 (natura)
359 3853 491 3904 ammom
511 3853 547 3904 ad
559 3859 672 3921 posuero,
726 3853 799 3906 Finn.
812 3856 843 3922 V,
859 3857 901 3922 29,
919 3859 964 3909 88:
987 3875 1035 3910 nec
1054 3860 1106 3912 ullo
1126 3863 1240 3912 mbrimo

171 3915 255 3968 solutu
265 3917 394 3968 luminam
405 3921 502 3980 erexit,
518 3920 674 3988 odonem
725 3927 861 3976 momento.

498 4222 552 4285 [b
