2612 4328
417 292 521 345 unu.
547 293 616 344 car.
630 293 671 344 sa.
685 251 781 344 saca]
1067 299 1125 362 169

68 440 245 522 laborasse.r
278 445 411 518 Quorum
440 446 527 526 igitur
552 465 654 508 caussa
679 448 744 525 quis
770 445 873 510 dixerit
899 449 1035 511 ellectum
1060 469 1127 512 esse

66 525 234 608 mundum?
274 529 386 591 Eorum
413 530 521 592 scilicet
539 531 744 604 animantium,
773 551 846 610 quae
864 534 977 595 ratione
995 543 1124 597 utuntur.

66 611 105 672 lli
125 620 195 672 sunt
213 612 252 674 dii
273 623 303 678 et
321 614 472 688 homines,
493 615 597 692 quibus
617 617 749 694 profecto
766 615 837 676 nihil
853 625 898 677 est
911 619 1029 681 melius:
1050 621 1123 682 ratio

65 703 112 756 est
138 697 231 770 enim,
259 717 331 777 qnae
357 706 484 778 praestet
505 699 651 760 omnibus.
692 700 733 760 lta
753 700 785 760 fit
806 701 939 762 credibile
959 702 1125 765 deorumst

64 781 223 842 bominum
238 801 341 843 caussa
356 785 464 844 factum
479 803 545 844 esse
559 783 703 845 mundum
715 803 846 862 quaeque
857 785 887 844 in
899 805 933 845 eo
947 786 1005 848 sint
1017 788 1124 848 omnia.

63 865 250 944 Faciliusque
265 867 448 945 intelligetur,
464 888 479 928 a
495 869 550 929 diis
566 868 780 929 immortalibus
796 869 964 930 bominibus
976 889 1040 931 csse
1052 889 1123 950 pro·
1141 877 1183 938 54

62 949 177 1022 visum,
200 951 225 1009 si
249 951 304 1012 erit
322 959 381 1013 tota
401 953 530 1014 bominis
551 953 698 1014 fabricatio
714 961 880 1032 perspecta,
898 954 1053 1034 omnisque
1067 958 1123 1017 hu-

62 1051 171 1094 manae
189 1041 309 1096 naturae
328 1039 419 1114 tigura
439 1045 524 1116 atque
543 1037 693 1116 perfectio.
725 1037 799 1098 Nam
820 1057 910 1116 quum
927 1039 1019 1100 tribus
1035 1041 1123 1102 rebus
1146 1052 1194 1102 1³4

61 1118 257 1179 animantium
272 1121 328 1181 vita
347 1129 487 1196 teneatur,
509 1121 588 1193 cibo,
604 1121 738 1201 potione,
754 1121 873 1202 spiritu:
890 1123 925 1183 ad
941 1123 1125 1186 haecomnia

52 1203 251 1288 percipienda
266 1224 307 1290 os
327 1215 372 1266 est
392 1207 591 1285 aptissimum,
617 1207 695 1286 quod
716 1207 860 1268 adiunctis
880 1207 998 1269 naribus
1018 1209 1124 1288 spiritu

61 1291 200 1364 augetur,
215 1289 349 1350 dentibus
364 1298 460 1351 antem
475 1291 507 1350 in
522 1310 572 1351 ore
585 1292 761 1353 constructis
773 1292 922 1352 manditur
933 1293 969 1352 ab
979 1294 1026 1354 his
1038 1301 1125 1373 atque
1211 1285 1224 1308 ‘'

61 1379 236 1433 extenuatur
255 1381 283 1433 et
302 1374 421 1435 molitur
438 1374 529 1434 cibus.
567 1375 678 1436 Eorum
698 1376 812 1436 adversi
832 1377 907 1437 acuti
927 1396 1031 1439 morsu
1050 1377 1123 1438 divi-

63 1457 141 1516 dunt
154 1474 249 1528 escas
269 1457 364 1516 intimi
380 1465 475 1518 autem
492 1459 661 1532 conficiunt,
677 1459 726 1537 qui
741 1460 861 1536 genuini
876 1469 1030 1535 uocantum
1051 1480 1124 1541 quae

62 1539 211 1601 confectio
238 1541 326 1600 etiam
353 1541 484 1618 elingua
504 1541 631 1602 adiuvari
650 1543 769 1602 videtur.
810 1543 952 1620 Linguam
971 1553 1068 1604 autem
1088 1546 1123 1606 ad
1146 1558 1192 1610 135

61 1623 180 1686 radices
200 1623 262 1684 eius
281 1619 404 1686 haerens
424 1624 529 1704 excipit
545 1627 729 1698 stomachus,
750 1645 807 1704 qno
818 1627 952 1705 primum
967 1628 1125 1690 illabuntur
1198 1689 1200 1694 .

63 1729 108 1782 ea,
125 1726 198 1786 quae
212 1717 329 1787 accepta
344 1717 412 1769 suut
426 1727 485 1769 ore.
515 1710 543 1769 ls
560 1717 680 1788 utraque
696 1729 730 1770 eu
745 1718 826 1788 parte
837 1711 966 1788 tonsillas
978 1711 1123 1789 attingens

62 1792 161 1872 palato
183 1799 312 1853 extremo
329 1801 413 1873 atque
428 1793 531 1854 intimo
549 1794 729 1854 terminatur.
760 1795 852 1872 Atque
866 1795 905 1869 is,
926 1795 1080 1873 agitatione
1096 1805 1125 1856 et

62 1873 196 1938 motibus
211 1877 326 1955 linguae
341 1879 603 1958 quumdepnlsum
618 1885 645 1938 et
662 1877 747 1957 quasi
761 1878 913 1939 detrusum
930 1878 1026 1939 cibum
1042 1899 1124 1940 acce·

63 1961 121 2040 pit,
142 1961 264 2040 depellit,
293 1961 389 2041 Ipsius
410 1970 506 2023 autem
525 1970 622 2042 partes
641 1982 705 2034 eae,
727 1981 799 2042 quae
820 1971 889 2023 sunt
903 1963 978 2023 infra
993 1982 1080 2043 quam
1094 1965 1124 2026 id

63 2045 147 2123 quod
172 2047 335 2121 devoratur,
363 2047 530 2108 dilatantur:
558 2066 631 2126 quae
656 2054 750 2107 autem
772 2065 873 2125 supra,
901 2049 1123 2109 contrahuntur.
1186 2084 1187 2088 =
1216 2083 1225 2106 t

64 2130 123 2190 Sed
145 2149 235 2208 quum
250 2150 350 2210 aspera
366 2132 469 2206 arteria
486 2132 545 2208 (sic
559 2131 637 2192 enim
652 2151 668 2192 a
684 2131 803 2191 medicis
819 2132 995 2212 appellatur)
1013 2133 1123 2194 ostium
1146 2141 1193 2192 136

28 2285 35 2290 ‚
62 2214 172 2274 habeat
191 2215 359 2276 adiunctum
380 2215 492 2295 liuguae
512 2215 672 2288 radicibus,
694 2215 790 2294 paullo
808 2235 898 2294 snpra
913 2235 998 2296 quam
1015 2218 1051 2278 ad
1066 2218 1123 2278 liu-

64 2317 153 2378 gnam
169 2301 337 2361 stomacbus
353 2301 525 2374 annectitur,
541 2319 631 2379 eaque
646 2301 682 2361 ad
697 2301 853 2379 pulmones
869 2320 963 2380 usque
979 2303 1124 2380 pertineat

63 2382 246 2462 excipiatque
271 2385 396 2444 animam
417 2404 481 2446 eam
500 2404 573 2464 quae
594 2385 678 2446 ducta
699 2393 743 2445 est
762 2385 881 2466 spiritu,
908 2385 1088 2464 eandemque
1107 2407 1123 2446 a

63 2467 256 2546 pulmonibus
276 2470 400 2547 respiret
419 2479 447 2530 et
466 2469 579 2529 reddat:
598 2469 705 2546 tegitur
724 2470 852 2547 quodam
873 2469 955 2546 quasi
977 2469 1122 2556 operculo,

99 2625 152 2684 54.
175 2633 230 2684 134.
255 2651 282 2684 οε
294 2663 327 2670 -
339 2637 432 2701 spirito
443 2639 566 2700 augetur:
621 2637 744 2684 arteriam
754 2637 894 2694 nominant,
908 2633 1017 2683 altorum
1026 2638 1122 2684 stoma-

64 2703 130 2766 ,‚dor
141 2701 219 2751 lllund
231 2702 293 2751 wird
306 2702 350 2752 mit
361 2701 437 2751 Odem
450 2702 567 2764 begabt.“
621 2702 707 2751 cltum:
729 2703 826 2750 ortm'a
843 2702 958 2750 celerior
975 2699 1011 2750 ad
1023 2700 1123 2768 pulmo-
1184 2727 1190 2731 ·

63 2771 135 2820 Deua
148 2773 242 2834 αιιειῆ
255 2769 341 2834 aliqua
357 2785 386 2818 re
402 2769 465 2818 wird
481 2770 569 2818 immer
620 2783 685 2832 non,
699 2769 846 2818 stomachus
857 2769 967 2818 antenor
979 2767 1015 2818 ad
1025 2770 1121 2819 vento-

63 2853 112 2888 nur
128 2852 178 2887 von
191 2836 287 2900 Diogen
304 2843 406 2900 gesagt,
428 2836 467 2886 die
480 2836 567 2886 Einenr
621 2835 811 2900 solumfertur.
1210 2837 1211 2840 ’

63 2921 96 2955 au
109 2903 175 2955 Gute
188 2903 302 2954 kommen
319 2904 368 2953 und
382 2903 490 2953 niitzlicb
506 2903 568 2952 oder
655 2902 781 2953 derasidas:
803 2901 901 2952 llriisen
919 2902 1003 2952 hinton
1022 2902 1054 2952 im
1072 2903 1122 2954 lla-
1193 2911 1199 2922 '

62 2971 201 3022 erlrcnlicb
220 2972 282 3021 siud.
307 2972 372 3022 Duss
390 2971 509 3034 librigens
522 2971 567 3020 der
621 2972 695 3033 eben,
713 2985 752 3020 aut
765 2969 878 3034 Eingong
890 2971 935 3019 der
947 2969 1121 3036 Speiserdbre,
1230 2966 1232 2978 '

63 3040 144 3091 Odem
161 3040 216 3089 dem
230 3039 321 3090 Mundo
334 3039 522 3102 vorzngsweise
535 3053 567 3087 zu
620 3054 669 3088 von
683 3053 729 3087 uns
743 3036 886 3088 Mandeln
899 3045 1015 3102 genennt.

63 3106 250 3174 Gutekonrme,
267 3108 370 3156 wiirdeu
384 3106 515 3157 selbstdie
528 3106 567 3155 al·
653 3105 787 3173 depulsum
806 3133 840 3142 —
860 3133 894 3142 —
914 3107 1021 3174 depellit.
1057 3108 1120 3158 Dass
1190 3131 1194 3146 ι

62 3183 106 3226 ten
116 3173 285 3240 Physiologen
299 3175 566 3238 scbwerlichzngege-
620 3172 670 3224 cie.
689 3174 804 3224 dasselbe
816 3172 927 3226 Verbum
945 3175 1058 3224 aweimol
1074 3191 1121 3237 ge·
1175 3215 1178 3218 .

62 3243 111 3293 beu
120 3241 214 3302 babcn3
227 3241 356 3305 viclmebr,
367 3243 415 3292 wie
426 3242 475 3292 Cic.
486 3241 567 3292 selbst
619 3241 737 3304 braucbt,
756 3242 787 3290 da
800 3257 827 3290 es
841 3242 902 3291 docb
915 3242 991 3291 leiclrt
1002 3256 1120 3304 geuescn

62 3327 85 3360 c.
100 3311 148 3373 55,
168 3309 215 3360 136
233 3317 301 3374 sagt,
320 3311 365 3359 der
377 3309 453 3360 Odem
471 3310 506 3358 ist
521 3310 567 3358 der
619 3309 695 3374 wilre,
709 3308 751 3358 liir
760 3308 861 3376 depellit
872 3309 942 3358 einen
953 3308 1046 3356 andern
1056 3307 1121 3354 Ans·

37 3411 39 3420 ι
62 3380 135 3429 cidon
144 3377 270 3444 animalis,
282 3393 331 3443 quo
340 3377 567 3428 maximealwrtur
619 3377 705 3439 drnclr,
719 3383 786 3426 etwn
797 3375 913 3440 deglutit,
930 3390 961 3422 zu
973 3380 1072 3435 setzcu,
1086 3373 1121 3422 ist

61 3448 216 3497 mercantes.
620 3443 731 3492 olleubar
751 3445 790 3492 ein
812 3441 976 3501 Ucbelstond‚
1002 3440 1047 3487 dcr
1067 3438 1120 3487 sicb

96 3512 202 3564 adrani
218 3512 312 3562 dentes
326 3511 379 3560 sind
397 3510 438 3560 dic
454 3511 566 3561 Vordcr·
619 3526 667 3560 nur
678 3525 723 3560 aus
734 3511 779 3558 der
788 3507 959 3570 llillertiglreit
968 3506 1016 3556 und
1026 3504 1119 3556 Fliicb-

61 3583 156 3643 ziibne,
180 3579 229 3628 wie
251 3580 389 3630 aduersum
409 3593 501 3646 corpus
520 3579 567 3628 der
618 3577 710 3640 tigleit
731 3577 839 3637 erlliirt,
860 3574 905 3624 mit
921 3574 967 3622 der
984 3571 1033 3622 Cic.
1050 3573 1119 3624 diosc

25 3681 29 3688 ·
61 3648 265 3712 Vorderlrdrpor.
619 3641 875 3694 auotomiscbePartie
886 3639 1058 3704 gescbriebeu,
1069 3641 1120 3692 und

98 3715 155 3766 135.
174 3715 328 3776 stainardus,
340 3714 381 3763 die
393 3712 563 3778 Spciserb'bre,
619 3711 658 3760 die
675 3710 737 3759 anob
756 3711 817 3758 noch
834 3711 935 3758 mancho
948 3708 1040 3758 andere
1053 3709 1119 3774 Spu-

60 3785 131 3834 nicbt
143 3784 189 3833 der
201 3781 304 3846 Magea,
319 3781 427 3830 soudern
440 3781 485 3830 der
497 3779 565 3842 Weg
618 3793 663 3826 ren
676 3777 811 3826 bcwelseu.
834 3775 892 3840 Vgl.
906 3791 937 3826 zu
950 3792 972 3826 c.
985 3775 1026 3840 58,
1041 3776 1097 3826 145.

60 3867 94 3902 zu
110 3853 170 3902 ibin.
195 3849 284 3900 Celsus
301 3847 344 3912 lV,
359 3848 386 3898 1:
407 3845 499 3898 ddnde
514 3847 564 3898 duo
654 3842 710 3893 136.
736 3843 892 3909 quodnm-
909 3844 1034 3912 operculo.
1068 3842 1119 3894 Ge·

59 3922 158 3973 diona
168 3919 306 3986 trrdpiuutr
323 3916 433 3980 alterum
444 3929 565 3984 asperam
618 3911 696 3962 meint
712 3911 746 3962 ist
760 3913 805 3962 der
816 3909 984 3976 ltebldcolrel,
1002 3926 1040 3975 gr.
1058 3907 1119 3960 ἐπι-
