2612 4328
466 217 581 272 anun.
608 217 679 270 oar.
693 219 717 270 a.
730 217 754 270 e.
1084 223 1144 286 199

79 369 194 450 aliquid
219 369 335 430 melius:
361 389 494 450 quaeque
518 373 550 434 in
575 373 665 433 domo
690 371 813 452 pulchra
838 391 905 434 oum
931 373 1198 454 pulchritudinem

80 453 190 516 mundi
210 454 415 533 comparabas,
435 465 464 517 et
484 476 576 536 quum
594 457 685 517 totius
706 457 808 518 mundi
827 458 1058 520 convenientiam
1072 479 1146 520 con-

80 555 267 618 sensumque
288 539 444 615 afferabas,
463 542 649 620 Zenonisque
668 541 771 602 breves
792 550 822 601 et
835 543 962 604 acutulas
978 543 1166 605 conclusio.

80 642 139 685 nes
149 623 181 684 in
190 641 254 684 eam
263 633 377 702 partem
388 626 545 700 sermonis,
556 645 644 707 quam
653 625 744 686 modo
756 625 824 698 dixi,
837 625 1012 702 differemus,
1025 630 1146 690 eodem·

80 728 141 789 que
156 717 290 788 tempore
304 709 350 770 iiia
366 711 478 784 omnia,
494 729 569 790 quae
584 729 600 771 a
615 719 643 771 te
658 710 870 789 physice'diota
884 719 954 772 sunt
969 713 1006 772 de
1020 712 1047 771 vi
1062 713 1146 790 ignea

81 794 180 873 deque
194 813 229 854 co
246 793 349 867 calore,
370 814 404 855 ex
419 815 477 873 quo
495 795 593 858 omnia
609 795 738 874 generari
755 794 885 869 dicebas,
904 795 969 856 loco
986 815 1041 857 suo
1057 816 1146 874 quae-

79 885 201 940 rentur:
222 878 390 957 omniaque,
406 899 479 958 quae
494 900 511 940 a
525 888 555 941 te
569 880 676 942 nudius
691 879 793 940 tertius
809 879 885 940 dicta
900 887 982 953 sunt,
998 914 1040 926 -—
1055 899 1145 960 quum

80 964 192 1024 doecre
211 963 296 1024 velles
313 963 384 1024 deos
400 983 480 1038 esse,
496 999 537 1010 -
552 984 642 1044 quare
657 972 685 1024 et
700 964 830 1025 mundus
845 964 998 1026 universus
1014 973 1043 1026 et
1058 966 1104 1026 sol
1119 973 1146 1026 et

78 1049 153 1108 luna
169 1054 199 1108 et
214 1047 312 1108 stellae
328 1067 450 1110 sensum
466 1069 499 1112 ao
512 1057 640 1110 montem
656 1049 808 1122 baberent,
828 1048 858 1109 in
874 1049 952 1110 idem
966 1057 1084 1129 tempus
1099 1068 1146 1112 re·

80 1131 220 1193 servabo.
247 1133 273 1191 Α
287 1140 315 1192 te
330 1141 426 1194 autem
442 1135 520 1196 idem
535 1135 603 1196 iilud
619 1134 707 1196 etiam
720 1142 805 1213 atque
818 1133 904 1195 etiam
915 1153 1064 1213 quaeram,
1080 1135 1146 1213 qui-
1169 1143 1200 1194 19

77 1217 142 1278 bus
158 1216 322 1278 rationibus
338 1218 387 1278 tibi
403 1219 579 1298 persuadeas
595 1220 667 1280 deos
679 1237 754 1280 esse.
783 1218 859 1278 Tum
871 1218 988 1294 Balbus,
1004 1218 1147 1298 Equidem
1165 1219 1186 1280 8

78 1301 218 1362 attulisse
238 1301 366 1362 rationes
387 1303 459 1365 mihi
478 1303 593 1378 videor,
612 1304 664 1364 sed
684 1322 732 1364 eas
753 1303 971 1377 auiuentis,
991 1311 1035 1378 ut,
1056 1322 1148 1383 quum

78 1405 133 1445 me
160 1385 394 1462 interrogaturus
418 1405 484 1446 esse
508 1387 635 1459 videare,
662 1397 690 1447 et
709 1406 762 1464 ego
785 1407 832 1448 me
852 1389 889 1448 ad
906 1389 1147 1467 respondendum

79 1467 294 1548 compararim,
310 1477 430 1547 repente
445 1478 557 1530 avertas
573 1471 736 1531 orationem
751 1487 806 1530 nec
820 1471 873 1531 des
887 1472 1087 1549 respondendi
1101 1473 1147 1532 io-

80 1571 164 1616 cum.
196 1552 297 1630 ltaque
315 1554 457 1613 maximae
476 1571 524 1614 res
544 1555 646 1615 tacitae
665 1553 889 1632 praeterierunt,
909 1555 944 1615 de
960 1555 1146 1629 divinatione,

81 1640 121 1699 de
136 1637 212 1698 sato:
228 1636 334 1714 quibus
347 1638 382 1697 de
394 1637 613 1716 quaestionibus
625 1646 657 1699 tu
669 1637 787 1716 quidem
801 1638 932 1712 strictim,
943 1639 1039 1698 nostri
1051 1649 1146 1700 autem

80 1721 178 1784 multa
194 1719 409 1796 solent'dicere,
426 1723 477 1782 sed
493 1723 528 1783 ab
544 1723 599 1784 hac
612 1742 645 1783 ea
661 1721 839 1802 quaestione,
855 1741 929 1803 quae
944 1740 1023 1784 nune
1038 1723 1068 1784 in
1083 1743 1148 1785 ma·
1198 1731 1200 1736 ’

81 1807 174 1868 nibus
190 1814 244 1879 est,
260 1815 442 1884 separantur.
473 1808 582 1880 Quare,
603 1807 629 1868 si
643 1807 768 1879 videtur,
788 1807 849 1869 noli
864 1826 949 1884 agere
963 1810 1097 1882 confuse,
1115 1816 1149 1869 ut

83 1893 146 1952 hoc
161 1890 337 1970 explicemus
353 1891 407 1952 bac
422 1891 628 1970 disputatione,
646 1892 726 1970 quod
741 1892 897 1970 quaeritur.

173 1974 303 2054 Optime,
323 1975 417 2054 inquit
437 1976 528 2037 Cotta.
563 1977 662 2056 itaque
681 1977 819 2056 quoniam
841 1985 978 2054 quattuor
997 1977 1028 2038 in
1048 1983 1146 2055 partes
1168 1983 1201 2034 20

82 2067 181 2122 totam
197 2060 397 2138 quaestionem
412 2060 535 2121 divisisti
552 2062 587 2121 de
601 2060 754 2142 primaque
769 2061 910 2134 diximus,
927 2061 1147 2122 consideremus

84 2145 261 2206 secundam:
286 2144 450 2224 quaemihi
471 2143 789 2218 talisvideturinisse,
813 2153 858 2218 ut,
883 2164 974 2225 quoin
996 2146 1148 2206 ostendere

84 2231 184 2303 velles,
201 2230 298 2308 quales
314 2229 353 2290 dii
368 2240 477 2302 essent,
494 2230 664 2291 ostenderes
679 2229 776 2290 nullos
792 2247 866 2290 esse.
896 2230 1148 2312 Aconspetudine

84 2314 167 2376 enim
182 2314 334 2374 oculorum
345 2314 476 2375 animum
486 2315 628 2376 abducere
638 2314 840 2376 difficillimum
852 2314 976 2390 dicebas,
989 2316 1148 2394 sed,quum

86 2400 144 2460 deo
165 2398 237 2460 nihii
255 2400 450 2477 praestantius
472 2407 564 2471 esset,
585 2417 647 2459 non
668 2399 820 2460 dubitabas
841 2399 909 2477 quin
926 2399 1055 2459 mundns
1070 2406 1150 2458 esset

86 2485 176 2556 deus,
196 2501 253 2561 quo
274 2483 347 2543 nibil
367 2484 397 2544 in
416 2503 516 2544 rerum
531 2491 635 2546 natura
650 2483 753 2544 melius
769 2490 857 2542 esset.
886 2483 974 2542 Modo
989 2499 1148 2561 possemus

86 2633 208 2684 wdrtiicb
220 2634 372 2684 verstanden
386 2634 489 2683 wiirdon
503 2633 539 2684 sic
553 2641 595 2685 et·
648 2633 699 2682 neit
720 2632 766 2682 der
782 2630 855 2682 Welt
872 2631 922 2680 und
942 2632 987 2681 der
1003 2629 1150 2681 Gestirne.“

86 2717 143 2752 was
152 2700 268 2750 Aoderes
280 2715 412 2764 anasum,
426 2702 464 2750 ais
473 2716 526 2750 was
535 2702 594 2751 Bol-
647 2729 681 2738 —
693 2698 777 2751 Ueber
787 2697 883 2749 nudae
896 2700 989 2749 tertius
1001 2714 1022 2748 u.
1035 2699 1075 2746 die
1087 2698 1148 2748 Ein-

86 2771 134 2820 bus
159 2769 252 2831 gethan
275 2769 319 2817 bat
341 2769 391 2817 ond
416 2768 490 2818 Cotta
518 2783 595 2832 sagea
647 2768 743 2830 leitung
755 2767 781 2817 S.
794 2764 835 2814 20.

86 2837 195 2887 kanuto.
204 2835 315 2885 -Ancb
324 2851 371 2884 vor
380 2837 435 2886 dem
445 2835 505 2899 ioig.
517 2851 595 2901 qaam
681 2825 713 2885 8.
741 2834 779 2884 19.
799 2833 846 2884 sed
855 2836 887 2884 ab
899 2834 946 2882 bac
958 2835 1105 2898 quaestione
1114 2859 1151 2870 -

87 2933 120 2942 —-
138 2903 270 2967 afferabas
286 2905 399 2954 verstebt
420 2903 474 2952 sich
490 2903 535 2953 das
553 2918 595 2952 er·
648 2905 819 2970 separantur,
837 2902 861 2951 d.
879 2902 902 2950 b.
920 2901 966 2952 der
982 2901 1149 2964 voiistiindigo
1232 2957 1234 2962 ¹

86 2971 219 3037 giinzcode
232 2986 296 3036 qaae
308 2970 406 3022 dicebas
418 2987 467 3020 von
480 2970 568 3021 selbst.
648 2969 745 3020 Beweis
765 2969 808 3020 iiir
828 2968 868 3018 die
884 2968 996 3020 Reolitiit
1016 2970 1062 3018 der
1080 2969 1150 3020 Divi-

120 3039 235 3107 pdyeioe.
268 3036 593 3102 Vgt.1,27,7tunn11,
649 3038 734 3088 notion
754 3037 818 3088 wird
838 3037 970 3088 anderewo
990 3036 1105 3101 geiiibrt3
1126 3038 1150 3088 io

89 3107 134 3172 18,
150 3105 193 3155 48.
226 3106 288 3156 Eine
305 3106 368 3156 leise
383 3105 466 3156 lrooie
482 3106 516 3156 ist
531 3107 595 3156 auch
648 3107 694 3156 der
709 3105 901 3169 Uotersucbung
917 3105 980 3156 iiber
996 3106 1041 3156 das
1058 3106 1151 3156 Daseia

89 3176 146 3226 bier
157 3173 224 3223 wohl
236 3176 413 3237 anzanebmen,
425 3175 457 3224 da
466 3174 521 3224 dem
527 3173 595 3224 Aba·
648 3175 698 3224 und
711 3172 807 3224 Wesen
820 3175 866 3224 der
878 3173 971 3224 Gdtter
987 3174 1051 3223 wird
1064 3174 1101 3224 sie
1113 3173 1151 3222 als

88 3242 204 3292 demiker
223 3241 262 3291 die
283 3242 398 3292 Stoiscbe
415 3241 510 3307 Pnysn
531 3242 594 3291 ohne
648 3242 970 3305 erwieseneogcoommen.

89 3307 199 3362 chifel
211 3309 279 3359 nicbt
290 3309 342 3360 vici
353 3311 414 3373 gaiu
683 3309 724 3359 20.
735 3309 812 3360 modo
821 3322 1026 3385 permamanet
1034 3308 1151 3384 arabemq-

89 3376 616 3496 a.tfttdiutatditdtttt1
649 3381 705 3494 iii
720 3375 948 3504 dubitabit
962 3369 1086 3488 biii?
1101 3377 1152 3488 tit

90 3528 149 3578 ges,
170 3528 210 3561 wo
227 3512 260 3561 du
275 3513 319 3562 des
332 3513 424 3564 Daecin
442 3513 488 3562 der
504 3511 596 3562 Gb'tter
647 3527 699 3562 non
719 3510 851 3560 deabitabaa
876 3521 1017 3556 zusammen
1038 3521 1070 3555 zu
1092 3521 1151 3556 con-

90 3581 216 3632 erweisen
238 3580 359 3630 woiitest.
395 3580 440 3629 iiie
462 3579 595 3644 folgenden
649 3575 823 3639 semiramis
836 3575 929 3638 gebdro
942 3589 970 3624 ee
983 3571 1151 3625 ebenialiszu

91 3647 185 3700 Worte
197 3652 309 3712 qamcct
317 3647 427 3698 canadas
437 3651 484 3696 etc.
495 3663 527 3697 aa
536 3661 595 3696 ver·
648 3647 694 3695 der
704 3643 820 3695 Relation
833 3643 878 3692 des
890 3657 939 3692 von
952 3640 1043 3691 Balbus
1056 3641 1153 3707 Gesag·

20 3706 22 3719 ’
90 3716 182 3766 biodeo
194 3703 240 3765 mit
256 3731 322 3781 qaae
332 3731 350 3765 a
361 3720 386 3766 te
396 3715 490 3765 cadim
503 3717 595 3765 torum
648 3720 706 3774 ten3
728 3711 792 3762 deon
805 3710 895 3760 balbus
913 3711 957 3760 bat
974 3710 1044 3760 diese
1061 3711 1152 3761 bedin-

91 3784 161 3834 da'cta
176 3787 251 3834 aaut:
275 3783 335 3849 „die
353 3781 468 3846 driade,
489 3782 529 3832 die
545 3797 595 3832 von
648 3795 715 3844 goos
726 3794 773 3842 gor
784 3779 852 3830 oicbt
863 3780 985 3842 gemacht,
998 3779 1107 3830 sondero
1116 3779 1154 3830 ic·

92 3851 131 3902 dir
146 3849 282 3914 aogoidhrt
297 3851 352 3901 sind
369 3849 412 3901 uir
427 3850 468 3900 dio
482 3850 595 3900 boseelt-
649 3847 740 3910 diglich
752 3847 791 3897 die
804 3847 959 3900 Beseeltbeit
969 3848 1016 3900 dor
1026 3845 1153 3899 Walters
