2646 4334
180 241 220 304 72
532 236 575 288 on
594 233 887 288 uurmnnnonuu

180 385 415 464 consideremus,
442 389 524 469 quale
545 390 592 451 sit
632 389 770 469 Arripere
788 387 867 448 enim
887 387 960 449 mihi
978 387 1131 461 videmini,
1156 390 1238 469 quasi

179 486 276 538 vestro
292 477 448 549 iure‚'rem
464 474 649 536 nullomodo
665 473 855 553 prohabilem.
885 473 999 534 Etenim
1016 473 1082 552 quis
1097 481 1158 534 mm
1173 493 1238 536 cae-

181 581 233 623 cus
248 560 279 621 in
294 560 526 639 contemplandis
541 560 629 620 rebus
645 577 785 646 umquam
796 557 858 629 luit,
875 566 905 619 ut
920 575 981 618 non
993 557 1110 631 videret,
1127 559 1237 646 specie-s
1295 607 1296 610 ,

177 645 249 706 istas
264 645 419 706 homiuum
436 644 553 706 collatas
568 644 600 705 in
615 645 687 704 deos
702 652 751 704 ont
767 642 889 722 consilio
906 642 1034 722 quodam
1050 643 1237 722 sapientium,

180 749 238 808 quo
258 730 371 791 facilius
387 730 502 790 animos
517 729 719 808 imperitorum
737 728 772 788 ad
789 727 912 788 deorum
928 727 1036 788 cultum
1052 746 1068 787 a
1082 728 1159 789 vitae
1173 747 1238 809 pra·

178 815 264 876 vitate
280 821 495 888 converterent,
515 821 564 874 aut
579 813 801 892 superstitione,
823 819 856 872 ut
870 822 969 872 esseut
983 812 1154 887 simulacra,
1170 831 1238 892 quae

178 907 348 960 venerantes
364 901 435 960 deos
449 899 533 978 ipsos
549 918 581 960 se
596 898 674 958 adire
690 893 862 957 crederent?
893 898 1043 958 Auxerunt
1057 909 1157 958 antem
1173 898 1238 959 haec

180 985 281 1046 eadem
295 993 412 1063 poetae,
433 983 575 1062 pictores,
597 982 726 1060 opifices.
755 981 825 1041 Erat
840 981 917 1042 enim
933 999 995 1042 non
1011 981 1105 1054 facile,
1123 991 1236 1060 agentes

179 1068 284 1148 aliquid
311 1078 339 1129 et
359 1067 511 1127 molientes
532 1067 603 1126 deos
623 1066 653 1125 iu
674 1065 794 1127 aliarum
816 1067 978 1128 formarum
998 1065 1162 1128 imitatione
1178 1087 1236 1129 ser·

178 1171 253 1213 vare.
283 1151 412 1212 Accessit
432 1151 518 1212 etiam
539 1151 593 1212 ista
614 1150 715 1230 opinio
737 1151 875 1221 sortasse,
896 1151 976 1228 quod
992 1149 1106 1212 homini
1120 1153 1237 1213 homine

178 1237 250 1296 nihil
265 1235 413 1313 pulchrius
429 1235 587 1296 videbatur.
619 1235 676 1295 Sed
691 1242 723 1296 tu
738 1236 808 1308 hoc,
823 1236 955 1314 physice,
970 1253 1031 1296 non
1045 1235 1137 1310 vides,
1154 1255 1236 1316 quam

178 1319 281 1380 blanda
301 1320 478 1380 ooncihatrix
499 1328 527 1379 et
543 1319 627 1398 quasi
644 1319 689 1380 sui
705 1320 744 1380 sit
757 1321 821 1380 lena
836 1318 960 1380 natura?
990 1320 1035 1380 dn
1050 1330 1138 1399 putas
1153 1323 1236 1384 ullam

178 1422 245 1463 esse
259 1412 335 1464 terra
350 1403 480 1482 marique
494 1403 632 1477 belluam,
653 1423 727 1484 qnae
740 1423 802 1464 non
817 1405 862 1464 sui
877 1404 991 1483 generis
1006 1405 1100 1466 bellna
1115 1407 1237 1467 maxime

179 1485 360 1548 delectetur?
402 1488 488 1561 Quod
508 1489 538 1549 ni
559 1489 598 1550 ita
618 1498 709 1562 esset,
736 1509 788 1550 our
806 1507 868 1550 non
888 1489 1007 1568 gestiret
1027 1497 1129 1552 taurus
1150 1509 1236 1571 equae

179 1573 418 1645 contrectatione,
446 1592 539 1653 equus
564 1571 687 1635 vaccae?
727 1575 771 1636 An
790 1583 822 1636 tu
841 1573 967 1652 aquilam
987 1582 1036 1636 aut
1054 1575 1171 1636 leonem
1192 1583 1236 1638 aut

178 1657 347 1736 delphinum
373 1659 460 1718 ullam
487 1661 630 1721 anteferre
657 1676 759 1720 censes
779 1661 901 1738 liguram
922 1657 1014 1719 suae?
1055 1661 1130 1732 Quid
1151 1661 1236 1740 igitm

177 1742 298 1816 mirum,
318 1743 342 1803 si
357 1743 414 1804 hoc
429 1744 531 1805 eodem
548 1745 637 1805 modo
653 1744 766 1804 homiui
782 1752 882 1824 natpra
897 1743 1099 1822 praescripsit,
1119 1754 1152 1806 ut
1167 1745 1235 1806 nihd

177 1828 327 1906 pulchrius
348 1847 435 1908 quam
455 1829 604 1889 hominem
620 1835 747 1907 putaret,
768 1847 831 1888 eam
847 1847 912 1888 esse
927 1845 1075 1902 caussam,
1098 1847 1150 1890 cur
1166 1831 1234 1891 deos

118 1915 161 1978 28
177 1913 332 1973 homiuum
347 1913 456 1972 similes
471 1911 663 1991 putaremus?
694 1912 771 1984 Quid
787 1931 897 1986 censes,
913 1913 938 1972 si
952 1914 1027 1973 ratio
1043 1922 1121 1975 esset
1133 1915 1165 1976 in
1176 1915 1235 1976 hel-

125 2008 158 2059 78
177 1995 247 2066 luis,
273 2013 336 2055 non
356 2015 411 2055 suo
432 2015 562 2076 quasque
582 1997 679 2073 generi
699 1995 857 2074 plurimum
878 1997 1039 2058 tributuras
1056 1997 1172 2060 luisse?
1202 2001 1235 2062 dt

177 2079 341 2139 mehercule
355 2097 420 2156 ego,
437 2079 542 2155 (dicam
559 2080 647 2152 enim,
662 2089 695 2141 nt
710 2081 826 2158 sentio)
843 2083 974 2160 quamvis
990 2102 1085 2144 amem
1101 2084 1166 2163 ipse
1181 2104 1234 2157 me,

176 2170 275 2222 tamen
294 2180 356 2222 non
375 2163 468 2223 audeo
489 2163 583 2224 dicere
607 2165 804 2243 pulchriorem
829 2185 893 2227 esse
913 2185 959 2226 me
979 2187 1067 2246 quam
1087 2168 1133 2230 ille
1153 2169 1236 2231 luerit

176 2254 291 2319 taurus,
312 2248 361 2325 qui
380 2247 454 2307 vexit
474 2248 633 2327 Europam.
663 2250 730 2312 Non
751 2251 828 2312 enim
846 2251 904 2312 hoc
918 2252 983 2314 loco
999 2251 1035 2312 de
1048 2253 1174 2332 ingeniis
1189 2262 1236 2316 aut

177 2330 213 2389 de
229 2331 411 2392 orationihus
426 2332 545 2405 nostris,
562 2335 612 2394 sed
627 2335 664 2417 de
673 2335 770 2413 specie
782 2335 930 2416 figuraque
942 2337 1097 2414 quaeritur.
1121 2340 1235 2411 Quodsi

176 2415 285 2492 fingere
308 2416 394 2476 nobis
414 2423 443 2477 et
461 2416 582 2496 iungere
601 2419 711 2481 formas
730 2421 866 2482 velimus:
892 2421 985 2500 qualis
1005 2421 1052 2482 ille
1072 2424 1234 2485 maritimus

177 2499 281 2561 Triton
306 2500 443 2582 pingitur,
467 2503 634 2565 natantibus
658 2504 798 2566 invehens
820 2505 922 2566 belluis
942 2506 1084 2568 adiunctis
1104 2508 1233 2571 humano

209 2650 271 2702 daos
285 2656 364 2720 ipsos.
392 2651 450 2718 Vgl.
469 2652 535 2704 Plut.
553 2655 584 2704 de
601 2655 633 2705 ls.
651 2662 678 2706 et
731 2657 778 2706 dau
790 2656 956 2707 Liehhaheru.

174 2718 243 2769 osia.
261 2736 283 2770 c.
302 2721 347 2770 71:
370 2721 399 2770 οἱ
418 2716 451 2772 τὰ
466 2721 556 2788 χαλκᾶ
578 2723 623 2773 καὶ
644 2717 677 2772 τὰ
765 2741 822 2774 eom
841 2742 897 2776 aare
917 2741 1038 2776 cadesam
1058 2731 1104 2776 etc.
1143 2727 1234 2779 Ditser

172 2781 286 2866 ypocras&
304 2791 350 2838 καὶ
365 2789 462 2841 λίθινα
478 2785 518 2870 μὴ
534 2785 677 2859 μαθόντες
731 2790 854 2842 Satzthcil
869 2793 933 2842 kann
947 2807 995 2842 nur
1006 2809 1055 2843 von
1068 2793 1129 2860 quid
1138 2801 1234 2848 nurum

172 2848 242 2920 μηδ’
270 2853 434 2911 ἐθισθέντες
458 2855 605 2940 ἀγαλματα
630 2858 677 2908 καὶ
729 2859 872 2924 abhiingm,
897 2862 947 2910 und
968 2861 1066 2925 niithigt
1086 2863 1166 2914 daher
1186 2867 1233 2915 den

173 2917 257 2986 τιμὰς
277 2922 366 2983 θεῶν,
389 2916 456 2972 ἀλλὰ
473 2928 557 2980 daona
573 2926 676 2976 καλεῖν.
727 2924 817 2990 Leser,
831 2929 875 2977 das
887 2929 1094 2992 vorhergehende
1106 2933 1132 2980 si
1140 2958 1177 2969 -
1185 2949 1234 3000 pu-

172 2985 206 3034 So
224 2985 314 3048 &lagen
333 2987 374 3036 hei
386 2987 437 3037 Cic.
451 2989 507 3039 Div.
525 2991 549 3039 in
563 2993 635 3042 Caco.
652 3009 674 3042 c.
730 2998 798 3044 toret
809 2995 888 3056 nieht,
901 2997 950 3046 wic
962 3011 991 3046 es
1003 2997 1048 3046 das
1060 2996 1232 3050 Natiirlichste

173 3051 224 3114 1,3
243 3053 283 3101 die
296 3053 406 3104 Sicnler:
424 3071 482 3104 rosa
497 3058 550 3105 iam
566 3075 598 3107 na
614 3059 675 3110 daca
728 3063 778 3110 und
804 3061 1047 3126 Zuuiichstlicgende
1069 3066 1168 3129 achion,
1189 3068 1233 3116 mit

172 3118 374 3184 qoidama‘nem'e
382 3123 675 3188 urticasadqooseon-
724 3127 809 3192 jcnem
835 3129 899 3194 qaid
919 3134 1015 3182 mirum
1034 3149 1066 3182 zn
1086 3133 1232 3198 verbioden,

162 3187 280 3252 fugiant
294 3188 398 3248 habere,
415 3189 483 3254 qood
494 3205 583 3241 eorum
594 3195 674 3244 denu-
728 3197 960 3248 sondcrnalseincu
971 3201 1155 3251 conditionalan
1163 3201 1232 3251 Zwi·

170 3255 452 3306 neocorensem.
466 3256 673 3311 Verreaadalu-
727 3265 860 3315 sehensatz
878 3282 909 3315 zu
931 3269 1043 3318 nchmen.
1076 3268 1232 3320 Ansserdern

170 3325 224 3374 bair
236 3324 438 3390 radgiostlroaim‘a
450 3325 606 3376 obstetricat.
727 3331 824 3382 cnthfilt
841 3349 869 3382 er
886 3334 957 3384 einen
975 3335 1003 3384 in
1023 3335 1140 3386 diesem
1154 3337 1233 3388 Con-

200 3393 319 3460 phpsa'oc,
337 3392 383 3443 mit
399 3393 470 3443 aiocr
482 3393 674 3445 uuvcrkennba-
727 3405 815 3448 texte
828 3401 927 3450 schwer
939 3418 971 3451 nu
983 3403 1150 3454 erlrliirenden
1165 3403 1231 3456 Ver·

168 3471 214 3507 ren
231 3459 324 3525 honio,
341 3459 431 3526 wiell,
450 3461 490 3526 18,
512 3459 553 3511 48.
578 3461 637 3526 vel.
650 3479 672 3513 c.
728 3469 1230 3538 stossgcgendiaconaecutiotemporum.

170 3522 211 3587 30,
226 3525 268 3576 83.
727 3533 831 3584 Eudlich
848 3535 883 3585 ist
895 3551 924 3584 er
938 3537 1050 3588 offcuhar
1061 3539 1231 3590 volllrornnren

203 3597 278 3656 quari
291 3600 335 3646 arai
350 3597 414 3646 lena.
438 3597 484 3648 Die
502 3597 591 3660 Natur,
609 3597 633 3648 d.
648 3599 672 3648 h.
727 3601 889 3666 iiherlliissiffi
915 3603 1016 3669 Cicero,
1041 3621 1113 3656 wenu
1139 3623 1169 3658 er
1189 3609 1230 3658 ihu

168 3657 208 3708 dio
220 3659 308 3723 eigene
322 3664 463 3714 natiirliche
475 3665 673 3718 Beschalleuhcit
726 3669 838 3719 wirlrlich
856 3673 1031 3735 gcschrichen,
1054 3675 1124 3724 hatte
1141 3675 1231 3726 hoster

167 3725 237 3776 eines
255 3727 348 3792 leden,
372 3731 500 3795 empliehlt
517 3735 569 3783 sich
587 3733 672 3784 selber
726 3737 825 3800 gathan,
836 3739 877 3787 ihn
893 3740 1076 3803 wegzulassen.

152 3793 260 3843 diesem
279 3795 317 3844 als
336 3797 380 3844 das
399 3797 534 3862 Schtinste,
552 3801 600 3849 wie
615 3803 671 3850 eine
760 3793 813 3853 28·
831 3805 872 3854 78.
895 3803 1001 3872 Triton,
1027 3808 1065 3856 ein
1092 3809 1229 3876 ldeaargott²

165 3861 224 3912 leno
234 3861 275 3912 die
285 3861 458 3930 Solonacum,
469 3866 509 3914 die
519 3867 558 3915 sic
567 3866 611 3917 leil
621 3868 671 3933 hat,
726 3868 792 3919 Sohn
809 3871 854 3921 des
866 3871 990 3922 Poseidon
1008 3874 1057 3924 nod
1069 3875 1115 3924 der
1126 3876 1230 3944 Amphi·
