2622 4326
420 235 481 286 [ΑΒ.
493 235 523 286 11.
550 233 620 286 uir.
632 235 674 288 28.
687 236 729 288 29.
742 236 783 288 30.

1072 242 1127 302 141

67 387 176 463 istum,
195 407 254 468 quo
272 396 351 450 caret
370 395 465 448 vestra
484 389 577 464 natio,
597 390 628 450 in
647 388 801 452 irridendis
816 389 904 452 nohis
919 389 1041 452 nolitote
1054 409 1130 452 con·

70 493 204 546 sumere,
232 481 261 533 et
277 473 437 544 mehercle,
463 473 488 533 si
507 491 557 534 me
575 473 711 547 audiatis,
738 491 775 536 ne
794 475 982 554 experiamini
1001 475 1128 555 quidem.

68 559 137 620 Non
160 557 255 629 decet,
283 575 345 618 non
365 557 465 617 datum
486 565 543 630 est,
565 576 627 618 non
645 559 779 638 potestis.
808 559 868 619 Nec
886 560 1032 620 verohoc
1050 560 1081 624 irr
1100 568 1130 622 te

70 642 218 717 convenit,
233 659 326 702 unum
341 639 474 702 moribus
490 641 660 703 domesticis
674 661 708 702 ac
722 649 892 704 nestrorum
907 644 1064 704 hominurn
1079 663 1130 706 ur-

66 727 195 810 banitate
220 727 366 786 limatum:
394 725 445 786 sed
468 744 558 805 quum
579 726 611 786 in
629 727 757 804 rehtpuos
776 735 904 799 vestros,
930 738 993 798 tum
1013 727 1044 786 in
1063 747 1130 790 eum

66 811 210 885 maxime,
229 810 278 890 qui
297 811 354 870 iste
372 811 498 889 peperit,
519 810 672 871 hominem
692 810 756 872 sine
774 819 848 884 arte,
868 811 930 872 sine
949 811 1065 885 litteris,
1081 812 1130 873 in-

65 896 230 957 sultantem
255 893 286 955 in
307 912 422 967 omnes,
448 895 512 957 sine
530 895 666 956 acumine
685 895 758 969 ullo,
785 895 849 957 sine
868 894 1052 969 auctoritate,
1067 896 1130 958 sine

63 977 181 1059 lepore.

156 1063 227 1126 Dico
248 1063 336 1141 igitur
356 1063 537 1142 providentia
557 1063 681 1126 deorum
701 1063 845 1125 mundum
865 1071 894 1124 et
909 1080 1012 1124 ornnes
1028 1063 1131 1128 mundi
1149 1065 1190 1128 80

65 1151 171 1226 partes
190 1155 218 1209 et
238 1148 321 1209 initio
344 1148 518 1212 constitutas
539 1167 606 1210 esse
625 1157 653 1212 et
674 1151 755 1210 omni
770 1157 904 1228 tempore
919 1147 1131 1222 administrari,
1152 1161 1184 1210 75

65 1251 193 1312 eamque
214 1233 441 1311 disputationem
460 1241 520 1294 tres
540 1233 570 1294 in
586 1241 686 1313 partas
706 1233 803 1294 nostri
818 1234 877 1293 sere
892 1231 1038 1294 dividunt:
1059 1251 1131 1314 qua-

63 1336 137 1378 rum
154 1317 250 1397 prima
264 1335 334 1394 pars
349 1325 402 1390 est,
417 1335 489 1396 quae
504 1318 620 1379 ducitur
634 1319 669 1378 ah
686 1337 719 1379 ea
734 1318 859 1389 ratione,
877 1337 951 1396 quae
965 1317 1051 1378 docet
1066 1337 1132 1380 esse

64 1403 159 1474 deos3
182 1419 241 1479 quo
262 1419 404 1461 concesso
426 1403 622 1462 confitendum
647 1410 692 1463 est
712 1421 814 1462 eorum
840 1401 962 1462 consilio
987 1403 1131 1464 mundum

63 1483 278 1546 administrari.
317 1485 451 1545 Secunda
475 1493 519 1544 est
540 1493 649 1558 autem,
671 1505 744 1564 quae
763 1487 848 1546 docet
868 1493 974 1546 omnes
992 1504 1039 1546 res
1060 1487 1131 1552 suh,-

63 1571 162 1630 iectes
184 1587 249 1629 esse
268 1577 388 1630 naturae
408 1568 558 1639 sentienti,
580 1569 616 1630 ah
632 1589 721 1648 eaque
737 1569 835 1630 omnia
850 1569 1046 1647 pulcherrime
1062 1569 1130 1647 geri.

63 1655 135 1727 Quo
153 1652 314 1714 constituto
330 1653 462 1732 setpritur
482 1653 518 1712 ah
540 1653 735 1714 animantibus
751 1652 903 1730 principiis
919 1671 952 1712 ea
967 1671 1032 1713 esse
1043 1671 1131 1732 gene-

64 1746 141 1800 rata.
172 1737 289 1800 Tertius
309 1747 354 1798 est
372 1738 470 1808 locus,
491 1737 540 1816 qui
561 1737 676 1798 ducitur
696 1757 730 1797 ex
745 1735 935 1797 admiratione
954 1755 1051 1797 rerum
1068 1755 1132 1798 cee-

65 1822 189 1884 lestium
216 1829 303 1901 atque
328 1821 519 1883 terrestrium.
555 1821 689 1882 Primum
714 1821 801 1900 igitur
827 1829 877 1881 aut
901 1820 1067 1898 negandum
1087 1828 1132 1881 est
1153 1829 1186 1880 'tt

66 1925 136 1967 esse
156 1907 242 1980 deos,
263 1907 341 1986 quod
362 1913 391 1967 et
404 1906 587 1968 Democritus
609 1906 764 1968 simulacra
784 1913 812 1965 et
826 1904 969 1984 Epicurus
990 1904 1131 1984 imagines
1183 1969 1186 1974 ,

65 1991 212 2052 inducens
239 1991 367 2070 quodam
392 2000 478 2069 pacto
499 1999 600 2070 negat3
626 1999 688 2064 aut,
715 1990 765 2069 qui
786 1991 857 2051 deos
877 2008 942 2050 esse
962 1989 1131 2064 concedant,

103 2191 186 2227 unum
196 2203 231 2212 —
246 2176 375 2242 limatum,
393 2177 417 2225 d.
429 2177 453 2225 h.
470 2180 575 2244 praetor·

67 2247 170 2294 ceteros
192 2245 253 2294 oder
276 2246 303 2292 in
328 2245 421 2312 porreta
449 2243 574 2294 donatum.

67 2311 144 2361 Denn
165 2311 233 2362 nicht
252 2311 307 2360 hlos
330 2312 376 2362 mit
397 2311 575 2376 Superlativen

66 2379 216 2430 verbunden
228 2379 296 2429 dient
304 2395 371 2430 unua
381 2395 427 2429 zur
435 2379 574 2429 Auszeieh·

68 2462 147 2510 hung.
172 2446 228 2510 Vgl.
240 2447 300 2496 Hor.
314 2445 367 2496 Set.
379 2445 398 2510 1,
415 2447 452 2511 10,
465 2447 511 2496 40:
547 2462 574 2496 o-

69 2519 111 2564 tes
127 2543 163 2550 -
179 2517 257 2564 comis
271 2516 379 2578 gannire
394 2514 487 2564 hhellos
506 2463 575 2568 [fieta

68 2585 199 2645 eduorum,
219 2581 347 2631 Fundani.
377 2579 410 2646 Π,
426 2581 453 2644 6,
472 2581 516 2630 57:
534 2597 576 2631 nra

68 2652 203 2700 intrantur
218 2652 250 2698 ert
263 2664 344 2698 eumn
365 2651 466 2714 egregii
477 2654 576 2700 morta-

69 2717 120 2766 lem
128 2717 224 2782 altique
232 2715 325 2765 nimuh.
345 2713 575 2765 InunsererStelle

68 2784 150 2834 haben
175 2783 215 2833 die
236 2783 341 2832 Hdschr.
366 2784 410 2832 dns
431 2781 510 2833 Wort
530 2797 575 2834 eus

69 2852 203 2904 Vcrsehen
215 2867 263 2901 vor
276 2853 392 2902 convenit
406 2857 519 2914 gesetzt,
535 2866 575 2901 wo

70 2935 99 2970 es
110 2919 203 2970 keinen
216 2919 382 2970 schichlichen
393 2918 454 2968 Sino
468 2919 545 2982 gicht.

106 2977 161 3038 30.
179 2987 219 3036 75.
239 2990 404 3038 constitutae:
419 2987 576 3050 „cingerich-

69 3062 123 3117 tet„
141 3055 290 3118 goordnct.“
318 3054 389 3104 Demi
406 3056 462 3104 eine
477 3055 576 3117 cigent-

70 3124 137 3173 iiehe
149 3121 293 3188 Schiiphmg
304 3123 350 3172 der
361 3120 435 3172 Welt
446 3123 524 3171 durch
536 3122 577 3172 die

72 3189 178 3254 datter,
200 3191 224 3239 d.
237 3191 261 3239 h.
283 3189 338 3238 cine
355 3189 577 3253 Hervorhringung

71 3273 118 3310 aus
130 3257 231 3321 Nichts,
249 3257 353 3307 nahmen
370 3258 410 3307 die
428 3257 531 3308 Stoiher
548 3271 576 3306 so

71 3325 155 3389 wenig
171 3325 217 3376 wie
232 3326 324 3376 andere
343 3325 395 3376 alte
412 3324 576 3392 Philosophen

72 3409 113 3444 an.
142 3391 201 3456 Vgl.
223 3409 255 3442 zu
275 3409 296 3443 c.
309 3391 354 3456 35,
372 3392 413 3442 88,
446 3391 530 3443 Wenn
549 3407 576 3442 es

71 3461 164 3510 weiter
183 3467 261 3510 unten
280 3461 371 3510 heisst:
389 3461 421 3512 ab
439 3463 576 3510 animanti-

74 3531 122 3580 bus
131 3529 265 3597 participiis
282 3543 312 3577 ea
327 3545 384 3578 esse
393 3533 529 3594 generata,
548 3544 576 3577 ao

74 3597 108 3647 ist
119 3597 183 3646 auch
195 3595 249 3646 hier
261 3611 309 3644 nur
321 3596 374 3645 dies
387 3596 503 3659 gemeint,
518 3597 576 3646 dass

74 3665 297 3714 dievorhondenen
307 3664 453 3726 giittlichen,
459 3655 577 3728 iihrigens

75 3729 156 3782 selhst
173 3739 228 3782 erst
243 3747 289 3782 aus
306 3733 361 3780 dem
372 3731 577 3794 uranfangliehen

74 3800 170 3850 Aether
193 3799 448 3862 hervorgegangenen
469 3798 579 3848 welthil-

75 3868 172 3918 denden
181 3865 286 3930 Wesen,
300 3867 339 3916 die
350 3865 423 3918 Goist
434 3867 483 3916 und
495 3865 578 3916 Mate·

629 2175 666 2226 rie
680 2174 793 2238 zugleich
805 2175 854 2224 und
867 2175 891 2224 in
904 2172 991 2224 Eiram
1004 2175 1073 2238 sind,
1090 2175 1131 2225 di'e

628 2242 996 2373 ttttttttttttdtttt
1014 2243 1131 2360 hiddi

629 2379 821 2442 cinzugestchn,
843 2379 900 2426 dass
917 2378 1002 2427 dieser
1014 2377 1074 2426 Satz
1092 2377 1131 2426 ei-

628 2447 737 2509 gentlich
750 2461 796 2508 gur
805 2445 873 2494 nicht
882 2445 969 2494 hieher
977 2443 1079 2506 gehiire,
1090 2459 1130 2491 wo

629 2515 698 2564 nicht
713 2528 763 2562 von
781 2515 827 2562 der
839 2511 998 2572 Entstehung
1011 2512 1057 2559 der
1069 2507 1130 2558 Din-

629 2596 673 2644 gc,
691 2581 799 2629 sondern
811 2595 859 2628 nur
870 2594 920 2628 von
932 2579 979 2626 der
990 2577 1132 2640 Regiorung

629 2649 675 2697 der
687 2645 760 2696 Welt
771 2647 812 2696 die
824 2645 893 2694 Rede
907 2645 961 2693 sein
976 2643 1058 2692 sollte.

664 2729 694 2764 ea
716 2729 772 2762 erae
790 2715 924 2778 generata.
959 2710 1005 2760 Die
1026 2709 1130 2761 Hdschr.

629 2782 709 2832 hohen
722 2795 779 2830 eam
790 2809 824 2816 —
833 2781 997 2844 generatum,
1014 2792 1067 2827 was
1079 2777 1132 2828 sich

629 2851 684 2900 also
702 2846 748 2898 anf
761 2847 801 2897 die
814 2849 1033 2898 condemnatura
1046 2844 1133 2896 hezie'J

630 2919 677 2967 hen
691 2915 786 2965 wiirde.
810 2914 879 2964 Aher
895 2915 964 2966 diase
977 2915 1011 2966 ist
1024 2914 1054 2978 je
1065 2914 1134 2966 nicht

630 2985 670 3034 ein
680 2983 835 3048 Erzeugniss
842 2983 917 3047 jener
925 2982 1133 3046 gh‘ttlichenWe·

630 3067 687 3114 sen,
718 3054 827 3102 sonderrr
854 3053 897 3102 het
923 3052 1072 3116 umgelrehrt
1095 3053 1132 3102 sic

631 3120 711 3170 selhst
722 3127 777 3170 erst
788 3127 901 3184 erzeugt.

665 3187 707 3237 76.
727 3187 1058 3253 emmane-magenes.
1087 3187 1133 3237 Die

630 3256 826 3306 verschiedenen
864 3256 1012 3306 Ausdriicke
1053 3255 1133 3302 sollen

631 3324 698 3374 nicht
722 3325 777 3374 eine
794 3322 1018 3374 Verschiedenheit
1038 3321 1063 3368 in
1085 3320 1133 3367 den

630 3391 775 3442 Annahmen
796 3390 884 3439 heider
902 3383 1068 3451 Philosophen
1080 3384 1133 3434 hc·

630 3460 762 3522 reichnen,
775 3457 883 3506 sondern
897 3455 950 3503 sind
964 3467 1011 3501 nur
1023 3467 1069 3500 zur
1080 3449 1133 3500 Ah-

630 3527 790 3588 wechselung
810 3521 962 3586 gebrauchte
981 3519 1132 3586 synonyme.

631 3595 690 3656 Vgl.
703 3592 725 3654 1,
741 3591 784 3654 12,
800 3589 847 3652 29,
864 3603 904 3638 wo
916 3588 979 3638 auch
990 3587 1134 3640 Demohrits

633 3660 723 3712 Go'tter
732 3661 859 3723 treug-ines
868 3655 976 3718 heissen,
983 3673 1008 3706 u.
1018 3652 1037 3720 1,
1044 3655 1084 3718 26,
1092 3657 1133 3706 74.

666 3726 775 3792 quodam
782 3729 857 3792 pacto
869 3729 956 3790 negat.
975 3725 1026 3775 Das
1035 3725 1082 3788 gilt
1089 3725 1136 3776 mit

632 3797 774 3858 griisserem
787 3793 881 3844 Rechte
894 3809 951 3842 vom
960 3793 1063 3860 Epikur‚
1076 3795 1134 3844 des-

634 3877 678 3912 sen
691 3868 844 3925 acgenennte
855 3860 947 3912 Gh'tter
956 3877 1001 3925 gar
1011 3861 1078 3910 nicht
1090 3862 1134 3910 des
