2612 4328
391 257 503 312 tum.
523 225 600 312 'cun
614 259 655 312 m.
669 259 710 311 11.
724 258 764 312 12.
1049 264 1111 337 203

45 412 79 474 id
96 418 195 474 autem
211 417 314 490 putare
328 429 506 491 quemquam
520 407 680 488 bominem,
694 414 767 476 nihil
781 414 902 478 bomine
916 433 983 478 esse
996 416 1112 490 melius,

44 515 187 560 summae
207 497 391 575 arrogantiae
411 504 510 558 censet
529 517 602 560 esse.
635 499 678 560 Sit
693 517 763 560 sane
777 500 953 580 arrogantis,
972 499 1064 580 pluris
1080 520 1112 562 se

43 591 155 664 putare
176 600 264 660 quam
278 581 432 643 mundum.
462 582 501 642 At
514 581 584 643 illud
599 602 663 645 non
676 585 768 654 modo
781 602 844 662 nen
859 585 1037 664 arrogantis,
1059 586 1112 646 sed

42 667 152 749 potius
167 666 328 746 prudentis,
343 666 509 746 intelligere,
525 686 558 730 se
572 668 679 730 habere
694 687 815 732 sensum
830 676 859 732 et
873 669 1026 742 rationem,
1041 671 1114 730 haee
1156 705 1163 718 ι

42 753 155 816 eadem
171 751 313 814 Orionem
328 760 356 816 et
372 751 536 816 Caniculam
551 771 614 816 non
628 754 744 816 hahere.
770 754 815 828 Et,
831 758 858 815 ei
871 755 974 816 domus
984 754 1113 834 pulchro

42 843 94 910 eit,
112 835 310 918 intelligamus
324 857 389 899 eom
399 840 532 913 dominis,
546 839 651 919 inquit,
669 839 851 919 aedificatam
863 857 930 910 esse,
946 857 1007 900 cco
1016 841 1113 902 muri-
1134 866 1139 877 e

42 925 119 984 hoe:
135 926 176 984 aio
190 927 280 1003 igitur
293 925 435 986 mundum
449 925 570 987 deorum
586 925 704 986 domam
722 927 888 986 cca'atr’morc
901 923 1043 986 dehemus.
1071 923 1113 984 lta

40 1025 176 1090 prorsus
193 1008 397 1093 existimarem,
413 1009 437 1070 si
453 1009 533 1070 illum
548 1011 731 1074 aedificatum
746 1030 820 1086 esse,
834 1029 904 1086 non,
920 1009 1112 1090 quemadmo-

41 1095 120 1155 dum
144 1092 306 1167 dcceho,a
325 1102 428 1155 natura
449 1095 666 1157 conformatum
681 1103 824 1177 putarem.
854 1097 892 1157 dt
906 1095 984 1156 enim
1001 1095 1113 1176 quaerit
1132 1099 1171 1160 11

40 1179 127 1258 apud
139 1177 368 1258 Xenophontem
375 1179 523 1254 SocrateS,
538 1180 616 1243 unde
630 1181 762 1243 animum
773 1180 992 1262 arripuerimus
1008 1181 1033 1242 si
1045 1180 1112 1242 nuh
1131 1191 1163 1242 tt

39 1264 91 1324 lus
117 1263 205 1324 luerit
224 1263 255 1323 in
269 1264 391 1328 mundo.
420 1265 457 1325 Et
472 1284 524 1345 ego
541 1286 662 1345 quaero,
677 1267 754 1328 unde
769 1266 946 1339 orationem,
962 1265 1040 1327 unde
1055 1283 1111 1326 nu·
1185 1287 1190 1298 2

39 1365 167 1420 meros,
187 1346 265 1407 unde
284 1357 394 1410 cantus.
425 1349 487 1410 Nisi
505 1370 574 1411 vero
594 1351 675 1430 loqui
689 1351 783 1412 solem
799 1370 866 1413 oum
881 1351 949 1413 luna
964 1358 1112 1430 putemne,

40 1451 142 1512 quum
159 1431 283 1513 propius
299 1432 464 1506 accesserit,
480 1435 580 1494 autad
595 1435 779 1496 harmoniam
794 1454 897 1497 canere
911 1436 1064 1509 mundum,
1081 1443 1113 1496 ut

39 1517 233 1598 Pythagoras
249 1515 401 1576 existimat.
417 1516 540 1577 Naturae
555 1517 611 1578 ista
626 1526 704 1592 sunt,
720 1519 814 1593 Balbe,
829 1528 950 1579 naturae
963 1536 1025 1580 non
1040 1519 1111 1579 arti-

39 1603 152 1662 ficiose
167 1599 352 1673 ambulantis,
367 1607 399 1661 ut
415 1601 455 1661 ait
469 1601 557 1675 Zeno,
573 1603 652 1680 quod
667 1603 784 1681 quidem
800 1605 882 1681 quale
897 1603 942 1676 sit,
957 1603 1015 1664 iam
1030 1603 1111 1663 vide-

40 1687 164 1757 bimus,
190 1684 240 1744 sed
262 1683 360 1744 omnia
380 1683 482 1746 cientis
503 1692 537 1745 et¹
550 1687 683 1765 agitantis
704 1687 833 1748 motibus
851 1695 883 1748 et
900 1687 1111 1748 mutationibus

41 1771 122 1834 suis
153 1768 254 1847 ltaque
273 1768 319 1829 illa
338 1768 409 1830 mihi
429 1769 560 1848 placebat
575 1771 668 1854 qratio
683 1773 720 1832 de
735 1771 933 1832 convenientia
948 1789 1111 1833 consensu·
1133 1785 1165 1836 28

41 1875 106 1936 que
121 1861 255 1927 naturae,
272 1873 357 1934 quam
375 1855 459 1933 qnasi
476 1856 650 1933 cognatione
665 1857 831 1918 continuata
848 1857 1018 1935 conspirare
1033 1854 1111 1916 dice-

40 1941 110 2002 bas.
146 1937 219 1998 Illud
239 1956 301 1998 non
320 1938 497 2026 probabam,
522 1941 602 2019 quod
621 1941 749 2020 negabas
771 1941 800 2001 id
820 1941 949 2002 accidere
968 1940 1110 2020 potuisse,
1166 1935 1172 1942 ’

37 2025 107 2087 nisi
134 2041 168 2084 ea
192 2041 252 2083 uno
281 2023 378 2083 divino
406 2024 512 2102 spiritu
531 2025 738 2086 contineretur.
772 2026 821 2086 llla
839 2044 908 2086 uero
930 2026 1064 2086 cohaeret
1083 2031 1113 2084 et
1160 2021 1169 2030 ’

43 2114 204 2189 permanet
224 2115 343 2168 naturae
362 2107 487 2181 abibae,
508 2127 570 2168 non
591 2111 727 2172 deorum:
748 2117 849 2188 estque
864 2111 895 2170 in
910 2129 942 2170 ea
958 2109 1013 2169 iste
1029 2107 1112 2187 quasi

43 2209 229 2266 eonsensuS,
249 2210 337 2270 quam
352 2186 571 2272 συμπάθειαν
586 2191 686 2256 Graeci
707 2203 822 2256 vocant:
844 2194 894 2254 sed
915 2213 961 2268 ea,
983 2213 1042 2273 quo
1058 2212 1112 2254 sua

43 2284 158 2360 sponte
177 2276 271 2337 maior
290 2285 346 2351 est,
365 2278 515 2340 eominus
532 2278 627 2340 divina
642 2279 755 2340 ratione
769 2279 831 2339 fieri
848 2278 1040 2340 existimanda
1055 2287 1109 2339 est.

43 2364 100 2424 illa
115 2368 221 2434 autem,
236 2381 309 2440 quae
324 2361 485 2424 Carneades
500 2363 646 2436 afferebat,
663 2364 910 2442 quemadmodum
927 2360 1108 2424 dissolvitis?
1129 2365 1169 2426 12

43 2449 77 2508 Si
100 2447 214 2508 nullum
234 2465 343 2526 corpus
364 2447 528 2508 immortale
548 2447 598 2520 sit,
619 2450 731 2509 nullum
750 2467 815 2508 esse
831 2466 939 2527 corpus
956 2447 1110 2526 sempiter·
1131 2455 1164 2506 29

82 2606 138 2668 ll·
154 2616 269 2666 Atent'm
277 2611 556 2684 quaerit-Socrates.
608 2619 655 2666 cit:
679 2605 726 2664 n'ec
745 2617 812 2664 enim
828 2613 927 2662 cilentio
945 2615 1011 2662 tanti
1025 2615 1111 2662 motus

45 2686 73 2735 S.
86 2683 118 2746 ll,
133 2681 157 2742 6,
173 2682 212 2732 l'l.
607 2685 711 2733 mutate
719 2684 843 2749 potsunt,
857 2684 882 2730 et
892 2681 1069 2745 culvanfert,
1081 2682 1112 2728 ut

82 2751 126 2800 27.
146 2749 181 2800 m
192 2765 239 2814 ego
253 2763 360 2815 quaero,
378 2747 445 2798 unde
458 2751 554 2798 cratt'o·
609 2753 727 2800 ecelrema
744 2765 779 2800 ea:
794 2747 877 2798 altera
892 2751 967 2813 parte
984 2749 1109 2810 graodter,

44 2834 107 2870 nean
124 2845 172 2866 —.
204 2815 257 2864 Zur
274 2815 452 2878 Beurtheilung
473 2815 555 2866 dieses
609 2833 644 2868 eac
654 2817 737 2868 ultera
747 2820 835 2866 auten
846 2818 920 2864 acute
931 2819 1030 2864 renent.
1205 2865 1210 2876 ,

46 2885 203 2938 Einwandes
227 2884 321 2946 geuiigt
345 2897 372 2932 es
393 2881 439 2932 aul
457 2884 501 2933 das
523 2899 555 2932 zu
642 2901 693 2935 nen
705 2883 1018 2950 orltflta‘oaemndulmttia.
1042 2881 1068 2932 S.
1081 2881 1110 2945 11,

46 2971 68 3004 c.
84 2954 110 3014 9,
124 2951 158 3001 23
172 2946 281 3014 Gesagte
294 2966 326 2999 zu
337 2951 489 3018 verweisen.
610 2952 651 3015 22,
668 2953 709 3001 57.

82 3019 119 3070 ad
135 3019 296 3069 bonnoniam
314 3033 405 3072 emeca
420 3018 553 3076 mundam.
643 3019 684 3069 28.
705 3021 779 3084 quasi
790 3020 942 3084 cogrwlione
954 3021 1109 3070 cammenata.

46 3084 555 3153 IliePythngoreischeAnsithtvonder
609 3086 635 3136 S.
649 3085 677 3150 ll,
692 3088 715 3150 t,
730 3085 769 3136 19.
1220 3121 1243 3164 s

45 3154 184 3206 Harmonie
208 3155 253 3204 der
273 3154 386 3220 Sph'dren
409 3153 474 3204 wird
496 3169 555 3204 vom
643 3169 794 3216 censeamus,
823 3170 900 3220 quam
929 3149 1113 3223 συμπάθειαν

46 3225 125 3274 cotta
156 3221 283 3286 spaashalt
314 3222 455 3273 travestirt.
489 3220 555 3272 Was
610 3219 653 3273 dr.
666 3237 720 3272 eoo.
744 3221 1064 3288 vgt.teniv.11,14,34:
1078 3238 1113 3272 ec·

46 3291 209 3358 Pythagoras
230 3290 335 3351 meinte,
356 3290 423 3338 kann
444 3303 500 3338 mon
522 3289 555 3338 im
609 3291 784 3342 coniunctione
799 3295 909 3342 araturae
926 3294 952 3340 at
968 3292 1111 3353 quaeicon-

46 3359 135 3409 Somn.
158 3356 224 3422 Seip.
241 3358 295 3407 cb
316 3357 398 3406 lesen:
422 3355 486 3418 Quis
507 3357 555 3421 dic,
608 3348 1111 3424 mutuaequaeonsemmuomevuad-

44 3431 160 3492 iuquam
178 3426 235 3490 quia
252 3429 292 3476 eal
303 3427 347 3490 qui
358 3425 467 3490 emnplat
477 3439 555 3475 aures
608 3430 692 3476 θειαν
706 3424 795 3478 Graeci
804 3425 937 3492 appellant.

45 3509 121 3548 meae
139 3496 228 3542 letatus
249 3497 275 3542 et
291 3497 345 3542 tam
360 3492 441 3544 aulos
457 3493 555 3542 cocus?
645 3484 695 3542 12.
719 3492 759 3542 29.
782 3507 846 3556 quae
859 3487 1002 3540 Carneadea
1016 3489 1111 3552 affere-

45 3563 94 3613 uie
110 3565 158 3624 ecl,
179 3559 330 3625 aquilea,
352 3561 397 3626 qui
415 3559 555 3610 catenatis
610 3563 660 3610 hat.
685 3561 710 3609 S.
730 3575 762 3607 zu
777 3556 831 3621 l,2,
846 3557 869 3606 4.
894 3556 983 3618 Einige
1000 3555 1046 3604 der
1062 3553 1112 3604 fcl-
1184 3591 1186 3593 -

46 3631 201 3681 commotus
220 3629 378 3696 impolitus,
402 3627 450 3677 aad
471 3631 556 3678 tamen
609 3628 705 3692 geoden
723 3624 962 3688 Argumentationen
986 3623 1031 3673 des
1052 3622 1113 3674 Car·

42 3699 164 3767 prorata
171 3694 432 3762 pmticcediala'nela'e,
442 3693 556 3761 imputo
610 3695 710 3756 naiades,
721 3707 767 3742 ans
778 3692 867 3742 dassen
877 3707 927 3742 von
937 3691 1023 3740 seinen
1033 3690 1113 3742 Sobil-

46 3770 74 3816 εἰ
84 3767 160 3814 mm
171 3765 288 3829 iptorum
300 3764 402 3813 orbium
413 3763 555 3828 conficitur,
609 3762 678 3822 lern,
700 3760 850 3810 nnmentlich
870 3775 928 3810 vom
945 3758 1113 3810 Clitomachus

47 3838 74 3883 et
94 3835 172 3882 ocula
188 3845 247 3881 eum
264 3831 389 3896 graaa'bus
410 3832 555 3898 ternperaoc
609 3827 720 3878 bekannt
731 3829 877 3891 gemacbten
889 3828 1033 3892 Vortriigen
1045 3829 1114 3892 gicht

46 3901 137 3952 cattos
155 3897 321 3966 aequabiliter
340 3901 477 3948 contentas
496 3897 555 3963 effi·
610 3896 672 3947 auch
684 3895 757 3946 Sext.
770 3895 841 3962 llmp.
853 3895 896 3960 tx,
912 3895 995 3946 1382.
