2612 4328
172 268 232 330 192
520 261 879 346 uunarumouoamr

170 437 236 499 quo,
250 417 365 480 etiamn
378 416 477 477 minus
491 433 566 489 vera,
581 423 679 478 tamen
694 423 761 494 apta
775 415 851 476 inter
866 434 899 476 se
910 424 938 478 et
950 416 1149 478 cohaerentia.
1175 417 1235 480 ln-

171 521 228 584 qne
248 501 360 580 cogito,
379 509 411 562 ut
431 501 503 573 dixi,
525 518 587 562 non
598 509 658 562 nm
672 500 801 562 refellere
817 501 880 562 eins
896 501 1073 573 orationem,
1096 521 1189 581 quam
1204 522 1236 563 ea

171 605 246 667 qnae
259 586 358 647 minus
373 585 498 646 intellexi
512 585 668 663 requirere.
699 587 808 658 Quare,
828 585 929 659 Balbe,
944 585 998 647 tibi
1012 586 1171 665 permitte,
1187 606 1235 646 re-

171 671 357 750 sponderene
370 670 443 730 mihi
459 670 543 731 malis
558 670 595 730 de
609 670 732 748 singulis
747 668 836 731 rebus
852 671 1003 750 quaerenti
1017 691 1052 731 ex
1068 679 1098 732 te
1113 691 1148 732 ea
1164 690 1237 750 quae

171 773 276 836 parum
292 755 401 834 accepi,
416 773 452 816 an
468 755 635 816 universam
649 754 749 815 audire
763 754 926 816 orationem
941 774 1046 816 meam.
1078 756 1157 816 Tum
1169 757 1236 817 Bal·

170 841 241 902 bus:
257 839 319 917 Ego
335 857 412 912 vero,
428 839 537 918 siquid
553 839 698 917 explanari
713 839 766 899 tibi
780 839 871 912 voles,
885 840 1067 919 respondere
1078 841 1173 914 malo,
1189 841 1237 902 sin

171 943 218 985 me
229 924 410 1001 interrogare
421 941 483 983 non
493 931 553 984 tam
565 923 741 1002 intelligendi
753 942 855 984 caussa
867 943 955 1003 quam
965 924 1125 998 refellendi,
1136 933 1235 986 utnrm

171 1008 388 1088 voles‚laciam:
407 1007 451 1067 vel
472 1008 508 1068 ad
524 1008 650 1084 singula,
671 1027 744 1086 quae
758 1008 901 1086 requires,
921 1009 1019 1070 statim
1034 1010 1233 1087 respondebo,

135 1106 150 1156 5
172 1093 225 1165 vel,
237 1111 328 1171 quum
339 1092 496 1170 peroraris,
508 1092 544 1152 ad
556 1092 663 1152 omnia.
685 1093 858 1166 TumGotta,
870 1093 996 1170 Optime,
1007 1093 1117 1174 inquit3
1131 1113 1233 1174 quam·

137 1179 157 1238 2
176 1178 279 1238 obrem
295 1175 337 1236 sic
351 1193 484 1253 agamus,
503 1185 536 1236 ut
550 1194 607 1236 nos
627 1176 692 1256 ipsa
706 1177 795 1238 ducet
813 1178 917 1238 oratio.
949 1179 1007 1238 Sed
1027 1187 1186 1257 antequam
1202 1178 1234 1238 de

171 1279 213 1332 re,
231 1277 322 1337 pauca
338 1259 374 1319 de
389 1279 445 1319 me.
476 1259 545 1321 Non
560 1260 637 1320 enim
653 1260 838 1322 mediocriter
851 1281 973 1322 moveor
988 1263 1166 1323 auctoritate
1180 1270 1233 1334 tua,

172 1344 276 1414 Raiba,
298 1343 486 1424 orationeque
505 1363 550 1418 ea,
571 1355 645 1422 quae
665 1365 712 1405 me
732 1346 761 1405 in
777 1347 942 1423 perorando
959 1346 1185 1420 cohortabatur,
1205 1356 1235 1408 ut

173 1427 374 1489 meminissem
394 1447 441 1489 me
460 1437 488 1490 et
502 1430 617 1489 Cottam
637 1449 703 1490 esse
723 1437 752 1490 et
766 1429 948 1508 pontificem:
969 1431 1050 1510 quod
1065 1449 1117 1504 eo,
1140 1434 1233 1503 eredo,

172 1512 297 1584 valebat,
318 1506 350 1573 ut
372 1512 540 1591 opiniones,
560 1532 633 1591 quas
653 1534 670 1574 a
689 1515 851 1575 maioribus
871 1515 1037 1594 accepimns
1053 1517 1091 1576 de
1106 1517 1166 1576 diis
1180 1517 1233 1576 im-

173 1596 358 1670 mortalibus,
379 1615 475 1671 sacra,
497 1598 688 1658 caerimonias
708 1599 919 1678 religionesque
939 1601 1139 1661 defenderem.
1176 1602 1233 1679 Ego

173 1701 242 1742 vero
269 1700 318 1742 eas
342 1682 495 1743 delendam
516 1699 632 1761 semper
652 1701 825 1762 semperque
845 1684 974 1756 delendi,
1001 1703 1059 1745 nee
1076 1703 1128 1744 me
1149 1705 1233 1746 exea

174 1767 322 1846 opinione,
335 1785 423 1845 quam
434 1786 450 1827 a
462 1766 623 1827 maioribus
634 1767 734 1845 accepi
746 1767 782 1828 de
791 1768 869 1828 cultu
878 1769 1000 1828 deorum
1012 1770 1232 1840 immortalium,

173 1851 259 1912 ullius
275 1869 416 1929 umquam
437 1851 530 1912 oratio
550 1860 600 1912 aut
615 1851 693 1912 docti
708 1859 757 1912 aut
771 1853 882 1913 indocti
901 1853 1039 1914 movebit.
1069 1853 1130 1914 Sed
1147 1873 1233 1934 quum

174 1937 210 1997 de
224 1935 362 2013 religione
376 1935 484 2014 agitur,
507 1935 551 1995 Ti.
567 1935 795 2010 Coruncanium,
811 1938 843 1997 P.
859 1937 1042 2016 Scipionem,
1058 1937 1091 1998 Ρ.
1109 1939 1232 1999 Scaeuo

173 2021 241 2092 lam,
256 2021 410 2098 pontifices
425 2020 579 2093 maximos,
594 2037 656 2080 non
670 2014 817 2081 Zenonem
834 2029 883 2081 aut
897 2021 1064 2083 Cleanthem
1099 2031 1133 2083 ut
1145 2023 1232 2102 Chry·

175 2104 295 2181 sippum
315 2121 437 2181 sequor,
457 2103 611 2182 habeoque
625 2105 655 2165 G.
670 2106 815 2178 Laelium,
838 2123 977 2184 augurem
996 2041 1174 2204 eunthque
1188 2127 1232 2168 sa-

174 2187 317 2266 pientem,
349 2205 435 2263 quem
464 2186 564 2265 potius
591 2189 706 2250 audiam
733 2191 878 2251 dicentem
903 2191 939 2251 de
964 2191 1109 2269 religione
1134 2192 1166 2252 in
1192 2193 1232 2252 illa

107 2321 112 2330 ,
177 2269 307 2331 oratione
322 2270 421 2340 nobili,
436 2289 524 2350 quam
539 2291 713 2352 quemquam
728 2275 892 2353 prinoipem
909 2275 1087 2336 Stoicorum.
1120 2278 1232 2349 Quum·

176 2373 232 2435 que
251 2353 349 2417 omnis
368 2355 470 2434 populi
486 2355 610 2417 Romani
629 2358 728 2438 religio
749 2359 780 2418 in
800 2377 881 2420 sacra
901 2367 929 2419 et
949 2359 980 2420 in
1000 2360 1132 2438 auspicia
1147 2361 1233 2421 divisa

176 2440 222 2512 sit,
238 2446 267 2499 et
281 2439 396 2499 tertium
412 2439 580 2502 adiunctum
597 2443 643 2516 sit,
660 2443 685 2502 si
700 2444 768 2522 quid
781 2443 987 2523 praedictionis
999 2463 1104 2505 caussa
1116 2465 1153 2505 ex
1164 2463 1233 2524 por-

175 2525 263 2586 tentis
283 2531 312 2584 et
331 2525 474 2585 monstris
487 2525 611 2605 ¹Sibyllae
630 2526 803 2607 interpretes
819 2529 1025 2607 haruspicesve
1040 2539 1232 2590 monuertmt:

209 2675 581 2740 docetorauo.vgl.c.1ttn.
606 2677 677 2727 Aueh
731 2678 914 2743 Zeitgenossen
932 2681 1003 2730 ward
1023 2696 1052 2730 er
1072 2681 1121 2730 der
1138 2680 1234 2742 Weise,

173 2743 488 2862 lillitfflliii'iil
501 2744 519 2808 ¹’
534 2744 614 2808 ¹³’³⁷
627 2746 678 2794 ¹²⁰⁶
730 2747 1175 2882 tttttt⁰ttttt·„ttt¹¹lllt
1188 2745 1235 2865 iii

209 2871 242 2928 ἒ.
260 2879 284 2927 5.
306 2877 344 2930 Ti.
359 2878 546 2931 Corunomrioon
557 2884 604 2930 ete.
627 2879 678 2931 Ue·
731 2881 833 2933 Audet-n
846 2882 884 2932 als
897 2883 974 2934 Einer
985 2885 1032 2934 der
1046 2853 1097 2933 dou
1111 2885 1161 2934 den
1175 2883 1235 2934 Glit-

175 2945 223 2994 hor
237 2944 323 2994 diesen
340 2947 390 2995 und
408 2947 471 2996 iiber
482 2947 508 2997 P.
522 2947 645 2997 Scaevola
657 2962 694 2998 s„
730 2956 786 3000 tera
800 2949 937 3000 hesouders
955 2951 1082 3013 geliebtea
1096 2952 1235 3002 trefflicher

177 3027 209 3060 au
220 3009 239 3075 1,
251 3009 292 3075 41,
308 3011 363 3060 115.
387 3012 439 3062 Der
455 3013 533 3064 nebeo
547 3015 619 3064 ibnen
633 3029 678 3078 ge·
731 3018 866 3068 Meusoben
876 3018 1029 3082 autgeliihrt.
1042 3019 1121 3070 Scine
1131 3020 1188 3069 hier
1197 3036 1235 3068 er-

177 3084 269 3126 uanute
282 3077 365 3141 Scipio
377 3078 411 3128 ist
423 3079 450 3128 Ρ.
459 3079 592 3130 Cornelius
606 3081 649 3130 Cu.
659 3081 677 3130 l.
731 3086 831 3135 wthute
841 3086 1113 3137 orottonobr'lr'awnrde
1121 3087 1236 3137 intono

176 3143 206 3194 L.
223 3161 247 3194 a.
270 3143 354 3208 Scipio
371 3143 474 3208 Nasica,
497 3147 543 3196 der
561 3147 679 3199 Pontifex
731 3153 848 3216 gehalten
861 3154 1062 3219 undbelxiimplte
1073 3153 1236 3206 deuGesetz·

169 3212 298 3263 „maximus
316 3212 366 3261 nod
379 3213 410 3261 im
422 3213 445 3263 l.
459 3212 508 3262 563
521 3214 614 3264 Consul
626 3231 680 3266 war
732 3221 866 3283 vcrsohlaq
882 3223 927 3271 des
939 3221 1141 3272 Vollstribuuen
1156 3224 1185 3274 t.
1197 3223 1236 3273 hi·

176 3282 226 3331 und
239 3280 306 3331 eiust
322 3279 460 3341 liffeutlioh,
478 3282 502 3330 d.
516 3282 539 3332 h.
552 3284 628 3332 durch
641 3285 679 3334 ei·
733 3287 812 3336 einins
829 3288 949 3352 Crassus,
968 3291 1014 3340 der
1030 3290 1070 3340 die
1087 3290 1236 3357 Cooptation

176 3365 223 3400 oen
234 3349 466 3409 Senatsbeschlnss,
479 3348 520 3400 tta
531 3351 579 3400 den
591 3351 680 3402 beaten
733 3356 779 3405 der
788 3356 1116 3421 priesterliohenCollegien
1124 3359 1238 3409 derPoo·

177 3417 251 3469 Mauo
265 3418 288 3468 ia
301 3417 362 3467 lion
374 3417 474 3468 erkliirt
484 3419 579 3470 warde.
597 3419 679 3470 scic.
734 3423 827 3486 tiliees,
845 3424 962 3487 Augures
980 3427 1030 3475 nod
1041 3425 1145 3478 XVviri
1161 3428 1237 3478 saeris

177 3487 208 3536 de
229 3485 301 3536 Finn.
319 3484 350 3550 V,
369 3485 414 3551 22,
437 3485 477 3536 64.
506 3487 562 3538 Liv.
579 3487 678 3552 XXlX,
734 3490 781 3541 lae.
801 3491 942 3542 abschoffen
963 3494 1013 3542 nod
1029 3500 1093 3544 stntt
1114 3495 1187 3546 ihrer
1201 3496 1238 3545 die

179 3552 219 3613 14,
232 3552 256 3604 8.
733 3558 881 3610 Vollswuhl
903 3559 1033 3610 einldhren
1051 3562 1151 3612 wollte.
1183 3563 1237 3627 Vql.

214 3618 368 3682 ataulfum,
378 3622 575 3675 deubehannten
584 3625 679 3674 buseo·
732 3626 784 3676 Cic.
797 3627 865 3677 Lael.
879 3644 900 3677 e.
913 3627 953 3692 25,
967 3627 1008 3678 96.

178 3683 266 3735 lreund
288 3688 333 3736 dea
351 3688 459 3751 jiingero
479 3691 563 3757 Scipio
579 3692 678 3743 lllrica·
767 3691 878 3759 Sr'bplloe
889 3699 1043 3762 interpretes
1059 3697 1085 3746 d.
1098 3699 1123 3747 h.
1137 3699 1179 3749 die
1191 3699 1237 3749 XV

179 3765 238 3810 nus,
255 3752 309 3800 dem
327 3754 403 3802 daher
415 3757 503 3806 Cicero
515 3760 578 3808 anch
591 3761 679 3810 selaeu
733 3761 781 3811 viri
793 3763 873 3812 sacris
885 3763 1018 3827 faciundis,
1036 3765 1076 3814 oin
1090 3764 1237 3830 Collegium,

178 3815 290 3879 Vos-trag
310 3818 372 3866 iiber
392 3822 432 3870 dic
451 3823 634 3877 Fecundachal't
654 3829 679 3878 iu
733 3829 844 3878 welches
864 3831 905 3879 dic
923 3830 1121 3898 Sibylliniscbeu
1144 3833 1239 3884 Biieher

180 3881 227 3930 deu
244 3882 320 3932 Mnnd
338 3883 423 3964 petest
440 3889 489 3939 bat
519 3891 575 3942 Von
592 3894 678 3944 selaeu
734 3911 767 3946 zu
777 3895 919 3948 hewohren.
932 3897 969 3947 aie
981 3899 1125 3950 aulBelehl
1138 3902 1184 3952 des
1195 3902 1238 3952 Se·
