2612 4328
434 276 550 330 bibiti,
578 275 648 330 GAP.
663 278 686 328 1.
699 277 762 328 ha
998 287 1003 294 ·
1069 281 1129 344 193

67 430 174 492 hammo
193 448 247 508 ego
268 429 443 508 religionum
462 429 575 491 nuliam
595 449 737 509 umquam
756 433 1001 494 contemnendam
1022 434 1128 513 putavi,

68 513 199 593 mihique
213 514 253 574 ita
267 513 413 593 persuasi,
428 513 588 576 Romulum
603 515 751 593 auspiciis,
766 516 892 576 Numam
907 517 998 579 saona
1015 519 1127 580 consti-

67 599 138 661 tutis
155 599 342 660 fundamenta
358 597 461 659 iecisse
477 606 596 660 nostrae
611 599 743 672 civitatis,
760 617 834 678 quae
849 618 1011 680 numquam
1026 603 1127 682 proie-

67 691 115 744 cto
132 682 196 744 sine
211 701 326 746 summa
341 682 502 761 placatione
517 684 642 745 deornm
662 683 871 744 immortalium
890 691 969 746 tanta
989 706 1056 748 esse
1070 707 1127 766 po·

66 767 182 832 luisset.
209 767 316 841 Habes,
331 767 427 840 Balbe,
444 767 514 846 quid
529 767 621 841 Cotta,
636 768 704 847 quid
717 769 847 847 pontifex
858 770 976 832 sentiat:
992 771 1037 831 iao
1048 788 1128 832 nunc

67 872 122 932 ego
138 852 309 932 intelligam,
332 862 363 914 tu
378 852 447 932 quid
464 852 581 914 sentias.
610 854 678 914 Ate
694 852 772 914 enim
787 853 967 933 philosopho
982 855 1127 916 rationem
1148 869 1164 917 6

66 937 200 1016 accipere
219 938 310 998 debeo
330 936 492 1016 religionis,
514 937 675 1000 maiorihus
694 945 790 998 autem
810 939 922 1000 nostris
943 939 1029 1000 etiam
1049 940 1129 1000 nodia

65 1021 181 1084 ratione
200 1023 312 1084 rdddita
332 1023 459 1084 credere.
491 1022 568 1082 Tum
583 1022 705 1096 Balbus,
728 1024 824 1095 Quam
840 1023 928 1102 igitm
941 1043 958 1084 a
972 1043 1021 1086 me
1035 1019 1127 1085 ratio-
1145 1024 1165 1085 B

65 1125 150 1179 nem,
164 1106 271 1186 iuquit,
286 1107 383 1180 Cotta,
398 1105 569 1168 desideras?
597 1108 634 1170 Et
648 1107 702 1181 ille,
717 1108 941 1186 Quadripertita,
956 1109 1059 1188 inquit,
1075 1109 1128 1170 iuit

65 1190 173 1252 divisio
189 1199 252 1252 tua:
273 1192 402 1270 primurn
418 1200 449 1253 ut
463 1192 550 1252 velles
565 1193 685 1266 docere,
706 1193 778 1254 deos
794 1211 874 1267 esse;
894 1193 1013 1268 deinde,
1029 1194 1127 1274 quales

64 1284 186 1349 essent3
205 1283 282 1349 tum,
297 1277 332 1338 ab
348 1277 395 1338 his
411 1278 555 1338 mundum
568 1279 643 1356 regi3
658 1285 829 1356 postremo,
844 1279 998 1340 consulere
1012 1297 1063 1339 eos
1079 1297 1127 1339 re-

62 1361 123 1422 bus
143 1361 291 1421 humanis.
321 1361 410 1432 liaeo,
430 1361 455 1421 si
475 1370 553 1422 recte
568 1362 703 1434 memini,
720 1363 837 1441 partitio
852 1363 914 1424 iuit.
944 1363 1127 1435 Rectissime,

63 1444 165 1523 inquit
179 1443 300 1516 Balbus,
320 1445 372 1504 sed
385 1454 523 1522 exspecto
539 1447 608 1522 quid
623 1446 765 1524 requiras.
795 1447 871 1506 Tum
887 1447 979 1520 Cotta,
995 1448 1127 1508 Primum
1149 1458 1163 1506 't

64 1529 197 1608 quidque
209 1527 367 1601 videamus,
383 1528 490 1606 inquit:
506 1529 570 1588 etsi
580 1529 610 1588 id
624 1538 669 1590 est
683 1532 821 1607 primum,
838 1531 917 1609 quod
933 1531 1009 1591 inter
1024 1549 1127 1593 omnes

63 1613 125 1676 nisi
146 1611 306 1674 admodum
325 1612 434 1690 impios
456 1613 605 1686 convenit,
631 1613 703 1674 mihi
723 1615 839 1692 quidem
863 1633 898 1676 ex
921 1615 1018 1675 anirno
1042 1615 1129 1676 eximi

64 1716 129 1758 non
150 1702 264 1775 potest,
286 1715 351 1758 esse
371 1697 457 1772 deos,
477 1696 507 1756 id
525 1705 623 1758 tamen
638 1697 751 1777 ipsum,
770 1698 848 1777 quod
865 1698 937 1759 mihi
953 1689 1128 1777 persuasum

65 1789 115 1844 est
128 1781 302 1843 auctoritate
317 1780 471 1853 maiorum,
487 1801 539 1842 cur
553 1781 592 1842 ita
608 1782 655 1854 sit,
671 1782 744 1844 nihil
756 1790 790 1844 tu
800 1801 848 1843 me
859 1783 959 1844 doces.
987 1783 1128 1855 quidest,

66 1866 163 1945 inquit
182 1865 305 1938 Balbus,
331 1865 357 1926 si
381 1865 432 1927 tibi
454 1884 629 1945 persuasum
648 1873 706 1940 est,
735 1886 786 1928 our
805 1887 821 1928 a
840 1885 888 1928 me
907 1867 976 1928 velis
996 1865 1129 1928 discere?

67 1953 149 2012 Tum
164 1951 260 2024 Cotta,
282 1950 356 2024 Quia
375 1951 418 2012 sic
436 1951 603 2029 aggredior,
624 1951 729 2031 inquit,
748 1952 784 2014 ad
803 1952 879 2012 hane
894 1952 1129 2032 disputationem,

66 2035 154 2116 quusi
168 2035 240 2096 nihil
255 2054 394 2114 umquam
409 2035 551 2096 audierim
566 2037 601 2097 dc
616 2035 671 2096 diis
686 2035 915 2111 immortalibus,
929 2036 1002 2098 nihil
1018 2037 1129 2115 cogita-

67 2119 176 2196 verim3
195 2120 297 2182 rudem
313 2139 361 2180 ma
376 2127 405 2180 et
418 2119 565 2198 integrum
581 2119 755 2201 discipulum
771 2121 882 2200 accipe,
901 2130 931 2182 et
945 2139 978 2182 ea
993 2141 1066 2201 quae
1080 2141 1128 2184 re-

66 2295 143 2338 natcs
161 2304 193 2337 au
208 2286 327 2350 belragen
350 2287 399 2336 uad
416 2287 525 2338 dariibcr
542 2303 574 2337 zu
628 2287 733 2340 Gdtteru
746 2289 786 2338 die
799 2289 925 2353 schuldige
938 2289 1006 2340 Ehre
1019 2290 1129 2356 erweisl,

66 2356 214 2418 berichtcn‚
232 2356 294 2404 auch
311 2355 351 2404 dio
365 2356 425 2404 noch
438 2355 493 2404 dem
506 2355 573 2404 Auo·
626 2359 677 2406 und
694 2358 739 2406 dor
756 2373 788 2406 zu
804 2357 873 2406 ihrer
884 2358 1031 2422 Resurgung
1043 2357 1129 2420 einge-

67 2424 161 2490 spruch
174 2422 304 2472 derselben
318 2421 516 2472 eriordcrlichen
529 2438 573 2472 su·
626 2431 726 2481 setzten
743 2423 957 2475 Priesterthiimer
978 2425 1033 2474 dem
1049 2423 1129 2474 Numa

10 2541 13 2548 ,
68 2506 114 2541 cra
127 2506 161 2539 zu
171 2489 294 2552 besorgen
306 2491 388 2552 batte,
406 2490 494 2538 woher
509 2491 571 2540 auch
585 2499 589 2511 “
626 2491 822 2555 zugeschriebeo
835 2492 874 2552 (de
888 2491 992 2555 Republ.
1005 2488 1035 2554 Ii,
1051 2489 1100 2552 tt).

66 2560 116 2609 der
127 2557 207 2609 Nune
220 2573 252 2607 zu
264 2556 392 2606 erkliren.
412 2555 512 2607 XVviri
522 2558 572 2608 seit

67 2628 92 2676 o.
112 2625 135 2674 J.
154 2623 202 2674 ora
222 2623 465 2687 (warmannus),
487 2623 573 2674 name
659 2601 698 2662 dr
711 2611 735 2660 7·
759 2611 879 2660 ramam
891 2609 1005 2676 qouque.
1026 2609 1052 2658 S·
1066 2607 1128 2672 2¹11,

66 2691 161 2757 xviri,
182 2693 231 2742 seit
248 2692 272 2740 d.
284 2691 307 2740 l.
320 2689 383 2752 3873
405 2692 468 2740 noch
485 2691 573 2741 iriihcr
627 2679 668 2740 27,
683 2679 728 2727 77:

66 2760 150 2810 liviri.
662 2755 990 2824 etsiidastpn'mameto.
1015 2755 1129 2806 llerZu·

102 2826 243 2878 Romulum
258 2825 391 2893 cooptato,
408 2824 520 2878 Numam
532 2841 574 2877 so-
627 2825 803 2888 sammeoheng
812 2825 846 2874 ist
854 2825 948 2875 dieser:
961 2826 987 2874 ιι
992 2824 1021 2874 a'd
1028 2829 1069 2874 est
1074 2827 1131 2892 pri·

67 2899 129 2946 cra's.
158 2892 248 2943 Nicbts
269 2892 303 2942 ist
324 2892 436 2956 hiiufiger
455 2894 495 2942 ais
515 2894 574 2942 dass
626 2909 708 2958 mum,
726 2891 1131 2960 essedecs‚td1peomcortta

67 2965 114 3013 das
136 2960 269 3012 Bdmische
289 2960 511 3026 Auspicicnwesco
532 2960 578 3010 auf
627 2959 926 3024 sststaoitumedcees.
951 2960 986 3010 Da
997 2960 1129 3012 eberbach

67 3033 118 3081 den
132 3027 224 3080 seiher
239 3027 360 3078 Romulus
378 3027 575 3092 zuriiohgei'rihrt
627 3031 683 3078 dem
699 3035 786 3078 ersten
804 3026 892 3078 Giieda
911 3029 974 3078 noch
992 3029 1038 3080 der
1053 3029 1131 3078 awei-

66 3097 147 3159 wird,
161 3098 213 3161 der,
228 3097 307 3147 sowic
319 3112 349 3146 er
360 3096 440 3146 selbst
451 3096 490 3146 ein
503 3095 574 3147 treii‘-
627 3097 730 3160 theiiige
742 3094 899 3146 Relativsata
911 3097 980 3162 quod
988 3123 1023 3134 ·—
1031 3125 1060 3134 -
1073 3099 1131 3148 asci-

66 3165 152 3216 licher
163 3163 250 3227 Augur
267 3179 321 3214 war
337 3165 381 3227 (de
396 3162 573 3228 Divinitas,
626 3167 666 3214 mi
675 3180 727 3214 non
738 3169 825 3232 potest
840 3165 1021 3228 eingeseboben
1037 3166 1083 3228 ist,
1101 3180 1129 3214 so

67 3233 112 3283 70.
126 3229 166 3296 38,
179 3231 220 3293 80)
239 3232 288 3282 uod
299 3232 339 3282 dia
352 3231 425 3282 Stadt
441 3235 573 3299 auspicato
627 3233 671 3282 hat
683 3233 736 3282 dics
747 3231 892 3283 veraniasst
904 3234 948 3282 des
958 3231 1130 3295 Gegeosataos

67 3299 212 3364 gegriindet
233 3301 301 3350 hotta
323 3298 484 3364 (dellepubl.
502 3298 531 3362 11,
549 3299 574 3362 9,
628 3314 716 3363 wegen
740 3301 780 3350 ein
810 3305 894 3350 mmm
923 3301 978 3349 dem
1009 3299 1129 3348 nlicbstan

69 3368 123 3432 16),
142 3381 171 3418 so
188 3368 250 3416 auch
263 3368 307 3417 das
319 3368 396 3416 durch
409 3365 478 3418 disse
492 3365 576 3418 Griin·
629 3367 718 3419 Glieda
738 3368 900 3429 ciozuiiigem
924 3367 974 3414 nod
997 3379 1038 3413 uro
1060 3364 1130 3412 recht

67 3434 281 3500 duogsauspicieu
312 3434 481 3500 angehniipltc
508 3433 574 3486 Ver·
628 3435 804 3486 ausdriichlich
820 3435 867 3482 den
886 3429 1051 3482 Unterschied
1067 3430 1129 3480 zwi-

68 3502 178 3554 h'ailtoiss
192 3503 235 3552 dea
248 3503 348 3553 Stautcs
365 3519 396 3552 zu
412 3503 460 3558 deu
474 3500 520 3552 aui
529 3517 574 3564 go·
629 3503 704 3552 seben
718 3500 830 3551 Glauban
847 3500 896 3550 und
910 3497 1012 3547 Wissen
1024 3498 1130 3548 hervor-

68 3571 213 3622 biihrendcs
226 3569 347 3634 Beirugen
361 3569 511 3620 warneoden
525 3571 574 3620 und
629 3570 752 3630 zubeben,
772 3569 806 3617 ist
823 3567 885 3616 auch
904 3566 958 3614 hier
974 3565 1068 3614 wieder
1084 3566 1130 3616 der

68 3638 226 3689 mahueodeu
244 3636 351 3688 Gb'ttern
371 3635 418 3687 aui
435 3639 476 3687 dic
492 3636 575 3688 Nach·
629 3637 785 3687 Relativsatz
804 3634 998 3697 eingeschobem
1020 3633 1132 3700 quod—

68 3707 185 3756 komuren
208 3705 336 3756 vorerbte.
369 3703 469 3756 Ebenso
480 3761 483 3770 ¹
494 3705 577 3768 hiiuiig
629 3706 782 3754 auctoritato
792 3703 926 3766 moderato,
939 3702 985 3752 der
997 3703 1041 3752 dos
1055 3703 1131 3752 sebon

8 3825 9 3830 ,
69 3773 137 3825 wird
159 3773 200 3824 dia
220 3773 391 3824 bestimmten
412 3771 577 3836 Bio'riohtuog
629 3773 724 3823 verher
736 3768 846 3832 Gesaqtc
859 3769 992 3834 cigeutlich
1011 3785 1070 3835 nur,
1087 3769 1131 3820 ob-

8 3835 9 3850 *
70 3843 118 3892 der
136 3856 224 3903 samo,
241 3843 264 3892 d.
279 3843 301 3891 h.
315 3842 360 3890 der
375 3839 575 3903 gottardicustli-
630 3839 712 3902 gieich
730 3838 774 3888 mit
786 3837 867 3888 ciuem
879 3837 1004 3903 tontes,
1022 3839 1131 3888 wieder-

8 3969 10 3976 y
71 3911 136 3960 chen
146 3907 315 3975 Haudlunqen,
329 3909 405 3958 durch
414 3908 453 3958 die
463 3923 518 3959 man
528 3909 575 3958 den
630 3907 692 3957 holt.

126 3989 172 4034 cie.
183 3991 210 4035 de
220 3993 271 4038 liat.
278 3992 341 4038 deor.
355 3988 376 4036 2·
390 3989 446 4034 tot.
900 3989 931 4040 13
