2622 4326
186 265 246 326 122
281 283 286 294 ⁴
535 259 579 308 liu*
597 255 733 308 NATURA
751 255 889 307 DEORUM

184 415 278 496 gladii,
292 414 336 476 sic
349 421 463 492 praeter
476 411 619 473 muudum
635 417 728 471 cetera
743 407 841 469 omnia
856 407 980 469 aliorum
995 427 1099 471 caussa
1114 429 1186 471 esse
1203 429 1254 489 ge-

183 507 296 572 nerata,
312 507 344 558 ut
358 517 407 558 eas
423 499 520 575 fruges
533 504 618 575 atque
631 496 752 567 lructus,
765 511 840 572 quos
851 502 928 554 terra
940 493 1040 572 gignit,
1052 495 1253 556 animantium

186 602 301 658 caussa,
320 581 481 643 animantes
502 589 596 641 autem
617 579 788 650 hominum,
810 585 842 638 ut
862 595 969 656 equum
989 579 1115 640 vehendi
1133 599 1254 655 caussa,

185 668 284 729 arandi
304 667 422 741 bovem,
441 665 564 727 venandi
580 671 608 724 et
624 662 805 733 custodiendi
820 679 930 722 canem.
960 663 1027 741 lpse
1042 671 1139 725 autem
1157 665 1253 725 home

187 760 269 815 ortus
284 759 328 813 est
343 753 379 812 ad
395 751 537 812 mundum
554 748 810 827 contemplandum
822 754 850 807 et
861 747 1044 822 imitandum,
1059 749 1144 809 nullu
1156 750 1253 811 mado

134 851 166 902 38
185 839 341 917 perlectus,
356 836 407 897 sed
423 843 467 897 est
482 834 621 913 quaedam
637 833 776 911 particula
791 832 920 910 perlecti.
951 832 1010 892 Sed
1018 833 1157 894 mundus
1174 853 1252 913 que·

184 923 263 983 niam
279 921 377 982 onmia
393 921 562 1000 complexus
578 927 636 990 θεῖ,
652 935 747 996 neque
762 924 806 976 θεῖ
822 916 987 996 quidquam,
1004 918 1083 997 qued
1100 919 1165 978 noia
1181 919 1253 979 insit

186 1008 215 1067 in
230 1025 275 1079 ee,
291 1007 438 1084 perlectus
454 1005 581 1082 undique
599 1009 651 1062 est.
684 1002 739 1074 Qui
754 1001 841 1078 igitur
856 1009 956 1078 potest
971 1001 996 1062 ei
1012 1002 1115 1063 deesse
1125 1002 1158 1063 id
1171 1004 1252 1082 quud

186 1100 230 1152 est
250 1087 416 1169 optimum?
457 1088 534 1148 Nihil
552 1094 597 1146 est
615 1093 713 1146 autem
727 1093 831 1146 'mente
850 1093 878 1146 et
893 1085 1006 1146 ratione
1021 1087 1137 1148 melius.
1171 1089 1250 1166 Erga

185 1177 256 1236 haec
275 1175 386 1234 mundo
409 1172 510 1232 deesse
524 1189 585 1231 nun
600 1179 736 1250 pessunt.
765 1171 843 1230 Bene
858 1169 946 1248 igitur
960 1171 1037 1231 idem
1053 1171 1249 1251 Chrysippus,

186 1260 236 1337 qui
256 1257 457 1318 similitudines
478 1256 638 1334 adiungens
659 1256 757 1316 emnia
774 1255 808 1315 in
825 1254 963 1334 perlectis
979 1263 1007 1314 et
1021 1258 1146 1317 maturis
1164 1259 1251 1318 docet

185 1361 252 1402 esse
271 1341 405 1414 meliora,
426 1341 593 1420 utiusque
610 1360 697 1420 quam
711 1341 743 1400 in
758 1340 894 1418 equuleo,
915 1339 945 1398 in
962 1357 1031 1400 cane
1048 1359 1137 1419 quam
1154 1341 1187 1402 in
1203 1361 1250 1402 ca-

185 1425 262 1499 tulo,
278 1425 385 1486 inviro
402 1445 488 1505 quam
503 1425 533 1486 in
549 1444 653 1505 puero:
669 1425 753 1498 item,
771 1425 848 1502 quod
865 1423 895 1484 in
911 1424 992 1484 omni
1007 1426 1153 1486 mundum
1171 1427 1250 1505 opti-

134 1527 166 1579 39
185 1529 269 1572 mum
289 1510 339 1584 sit,
358 1511 387 1571 id
407 1511 438 1570 iu
457 1512 586 1590 perlecto
607 1510 704 1590 aliquo
720 1517 805 1588 atque
819 1507 953 1569 absoluto
970 1528 1034 1570 esse
1049 1510 1166 1572 debere.
1199 1513 1252 1572 Est

186 1604 281 1658 autem
300 1596 372 1658 nihil
387 1597 498 1657 mundo
514 1595 683 1674 perfectius,
698 1594 770 1654 nihil
784 1594 888 1654 virtute
902 1594 1020 1655 melius:
1040 1594 1131 1672 igitur
1145 1596 1250 1657 mundi

185 1690 230 1742 est
245 1681 365 1761 propria
376 1681 477 1742 virtus.
508 1681 568 1741 Nec
582 1699 650 1740 vero
666 1679 794 1764 huminis
810 1686 912 1738 natura
927 1680 1053 1756 perlecta
1069 1688 1128 1741 est:
1144 1689 1177 1741 θῖ
1187 1682 1250 1742 effi·

186 1767 260 1827 citur
284 1775 382 1828 ῖεεεθε
408 1766 438 1826 in
463 1765 583 1826 homine
608 1764 708 1824 virtus.
726 1766 728 1769 ’
750 1765 866 1835 Quanto
878 1763 973 1840 igitur
991 1763 1022 1822 in
1041 1766 1156 1826 mundo
1179 1765 1250 1826 faci-

33 1927 45 2009 Ι
185 1849 263 1912 lius?
305 1853 358 1912 Est
382 1869 451 1930 ergo
471 1851 500 1910 in
520 1869 555 1909 ec
575 1849 674 1909 virtus.
717 1847 838 1927 Sapiens
859 1855 904 1908 est
922 1847 1017 1925 igitur,
1044 1856 1073 1909 θῖ
1091 1859 1251 1929 prepterea

11 1949 17 1964 ¹*
186 1937 267 1998 deus
856 1961 858 1968 ⁴

30 2070 33 2078 .
130 2025 169 2084 15
271 2020 364 2098 Atque
378 2020 434 2080 hac
448 2018 549 2078 muudi
565 2017 712 2077 divinitate
727 2025 891 2096 perspecta,
910 2014 1065 2078 tribuenda
1081 2027 1128 2080 θεῖ
1144 2020 1250 2081 sideri-

186 2105 243 2164 bus
259 2105 359 2163 eadem
375 2103 522 2174 divinitas,
539 2120 612 2179 quae
627 2121 663 2161 ex
678 2101 872 2162 mobilissima
886 2101 1102 2181 purissimaque
1119 2105 1249 2165 aetheris

187 2194 268 2265 parte
284 2187 449 2264 gignuntur,
468 2204 564 2263 neque
579 2186 635 2246 ulla
650 2194 798 2264 praeterea
813 2193 881 2246 sunt
895 2186 1021 2248 admixta
1036 2195 1156 2263 natura,
1174 2197 1250 2251 tota-

187 2289 242 2348 que
263 2277 333 2330 sunt
353 2269 442 2330 calida
457 2277 543 2348 atque
557 2269 716 2348 perlucida3
737 2277 770 2330 ut
783 2289 816 2331 ea
831 2289 947 2350 quoque
961 2271 1126 2333 rectissime
1142 2283 1171 2334 θῖ
1188 2275 1250 2335 ani-

186 2355 295 2416 mantia
311 2374 390 2428 esse,
412 2362 439 2415 θῖ
454 2354 562 2415 sentire
576 2362 661 2433 atque
678 2353 836 2434 intelligere
852 2356 993 2418 dicantur.
1022 2355 1117 2436 Atque
1133 2378 1166 2418 ea
1184 2359 1250 2439 qui·

188 2426 268 2500 der'n‘
279 2447 341 2522 tota
367 2459 432 2500 esse
457 2439 541 2518 ignea
567 2440 693 2500 duorum
721 2457 863 2502 sensuum
888 2441 1055 2502 testimonio
1078 2443 1250 2504 confirmari

134 2536 167 2586 40
187 2523 338 2587 Cleanthes
359 2533 453 2604 putat,
475 2533 568 2586 tactus
588 2531 615 2584 et
636 2525 799 2585 oculorum.
830 2525 904 2585 Nam
925 2525 996 2586 solis
1013 2533 1042 2586 et
1056 2527 1169 2588 candor
1186 2528 1250 2590 illu-

187 2610 277 2672 strior
300 2619 345 2672 est
365 2629 452 2692 quam
472 2611 558 2672 ullius
576 2609 666 2689 ignis,
695 2609 802 2700 quippe
821 2609 870 2688 qui
888 2610 1034 2671 immenso
1054 2613 1169 2695 mundo
1192 2621 1250 2673 tam

186 2697 273 2775 lunge
291 2698 406 2776 lateque
427 2697 578 2770 colluceat,
603 2704 630 2756 et
650 2695 674 2756 is
696 2695 758 2756 eius
777 2702 871 2756 taetus
887 2700 945 2768 est,
965 2713 1026 2755 non
1046 2703 1078 2756 ut
1098 2697 1251 2775 tepefaciat

221 2881 389 2932 edmundum
402 2883 605 2934 *incitandum
629 2881 690 2930 Dies
744 2881 1119 2949 quefomnatd,sapienliuest.
1300 2881 1301 2956 l

188 2949 248 3010 geht
260 2949 328 2997 nicht
341 2955 406 2998 elwa
418 2948 463 2997 aul
474 2949 616 2999 kiinstliclie
630 2950 691 2998 oder
780 2940 831 2999 15.
845 2948 885 2998 39.
903 2951 1175 3014 quac—gignuntur.
1194 2951 1251 3014 Vgl.

188 3013 373 3063 kiinstlecisclte
385 3013 563 3079 Naehuhmuug
579 3019 625 3066 der
638 3015 690 3066 Na·
745 3031 766 3064 θ.
781 3015 821 3080 36,
835 3015 875 3066 92.
886 3042 921 3052 -
934 3016 997 3065 Dass
1007 3016 1127 3080 dirigens
1140 3021 1206 3068 auch
1215 3019 1248 3068 iil·

189 3087 238 3143 tur,
257 3081 365 3129 scudem
378 3080 423 3129 uus
432 3080 691 3145 Uebereinstimmung
745 3089 800 3133 tene
817 3083 981 3150 Philoseplten
998 3099 1045 3133 vor
1062 3085 1110 3134 den
1130 3084 1251 3136 Stoikem

189 3149 222 3197 im
234 3145 337 3197 Wollen
350 3147 399 3195 und
411 3146 525 3197 llaudelu
542 3149 587 3198 mit
598 3150 653 3198 dem
666 3150 691 3198 iu
745 3151 785 3201 die
803 3149 921 3201 Gestime
941 3151 984 3200 stit·
1001 3150 1093 3202 Gdtteu
1111 3153 1251 3216 erkliiuten,

190 3217 236 3266 der
252 3213 325 3265 Welt
348 3215 490 3264 walteuden
514 3215 691 3280 veandultigeu
745 3219 824 3270 haben
837 3219 886 3268 wic
897 3218 919 3281 l,
935 3219 973 3282 10,
987 3218 1029 3269 25.
1054 3220 1091 3284 11,
1105 3220 1148 3270 27.
1169 3222 1211 3287 12,
1222 3221 1252 3271 30

189 3286 239 3335 und
252 3283 379 3334 sittliclen
393 3280 501 3346 Gcsetz,
523 3284 567 3333 das
586 3278 601 3332 ὁ
627 3285 691 3334 ολο-
745 3289 847 3352 gesehn.

189 3353 334 3472 ggffiucucs
348 3351 385 3469 11
403 3344 692 3470 11Ῡεὲεξίἠῖεθιῖεειι1ε11
746 3355 1185 3487 wmffiffizfflvmgssgdunibsucij
1198 3356 1253 3407 ὣς
1300 3425 1301 3442 ’

189 3490 348 3540 ἱεενιιονῖαὶθε
358 3457 487 3557 sparsa'sse
495 3490 595 3538 maianus
603 3489 692 3538 dacor·
745 3490 832 3540 udera
843 3495 870 3539 θῖ
880 3491 967 3541 stellas
977 3439 1254 3558 εοεαῖὶᾃεῗεεεᾸ-φὲιαξ

189 3569 256 3622 pora
266 3557 389 3622 lamma,
407 3560 438 3606 ut
452 3561 538 3608 esseut
553 3558 597 3622 qui
608 3559 692 3606 demas
746 3559 814 3608 cinis
826 3561 954 3608 cataractae
964 3561 1094 3610 acutulus
1106 3564 1154 3610 εῖε.

191 3625 338 3687 tuerentur,
360 3627 449 3690 quique
467 3625 612 3676 caelestium.
624 3624 692 3674 ordi·
780 3624 821 3674 40.
843 3629 965 3676 dameam
986 3627 1090 3678 mundo.
1124 3626 1252 3679 Cleomed.

189 3704 247 3738 aem
257 3691 454 3758 contemplandas
462 3695 626 3744 imitarentur
635 3709 692 3744 eum
746 3691 775 3756 ΙΙ,
789 3692 833 3743 84:
850 3688 942 3746 πάντα
954 3688 1004 3746 τὸν
1014 3690 1126 3764 κόσμον
1137 3697 1253 3764 φωτίζει

189 3758 257 3806 astae
265 3756 586 3822 modoatqaaaocataaau.
603 3761 690 3810 Senes.
748 3755 851 3826 σχεδὸν
867 3755 1075 3829 ἀπειρομεγέθη
1094 3756 1172 3814 ὅντα.
1201 3763 1254 3814 Im·

191 3825 221 3874 de
233 3823 278 3872 vit.
291 3823 357 3872 beat.
371 3837 393 3872 c.
408 3823 436 3871 3:
453 3843 470 3874 a
480 3831 576 3877 natura
586 3843 637 3878 aton
649 3826 693 3877 de·
745 3842 834 3877 anemo
844 3827 940 3878 mundo
951 3828 986 3878 ist
997 3829 1080 3880 Dativ.
1094 3845 1184 3882 comm.

191 3906 280 3943 mure
292 3888 434 3940 otacilius
442 3890 525 3953 legem
534 3893 692 3959 aoemnplum·
779 3897 870 3944 iscius
883 3899 967 3944 lacius
985 3901 1039 3946 cat:
1056 3898 1128 3960 „inae
1140 3898 1253 3950 Eiuwir-
