2612 4328
167 230 228 290 152
491 209 493 214 '
518 226 561 276 nn
579 225 715 278 aarum
734 225 872 280 ιιιιοιιιιιι
913 253 916 268 «
971 293 974 300 ,

165 382 235 463 quin
249 381 297 441 illa
311 399 401 459 opera
417 380 477 440 sint
490 378 627 442 rationis:
644 399 734 459 qaum
748 387 845 442 autem
861 380 1003 460 impetum
1015 379 1087 441 caeli
1098 381 1229 444 admira-

163 467 214 528 bili
241 484 308 526 cum
333 465 476 526 celeritate
501 466 614 526 moveri
634 465 764 544 vertique
789 465 953 538 videamus,
986 467 1228 527 constantissime

166 549 368 613 conficientem
387 549 602 611 vicissitudines
629 549 841 611 anniversarias
861 568 929 610 cum
949 568 1065 611 summa
1086 551 1181 612 salute
1198 560 1229 612 et

166 634 386 696 conservatione
405 631 504 695 rerum
525 634 672 695 omnium:
699 635 881 708 dubitamus,
902 633 974 712 quin
994 653 1026 694 ea
1046 653 1111 695 non
1132 637 1230 698 solum

113 729 146 779 98
164 720 371 792 rennuebant,
388 720 439 780 sed
455 720 541 780 etiam
557 719 704 780 excellenti
720 719 873 797 divinaque
887 715 1022 779 ratione?
1052 719 1136 780 Licet
1151 722 1229 782 enim

163 804 236 877 iam,
251 811 364 864 remota
379 799 731 883 subtilitatedisputandi‚
748 803 839 864 oculis
856 803 1075 881 quodammodo
1093 813 1229 866 contem-

164 889 236 968 plari
250 888 496 968 pulchritudinem
510 907 609 949 rerum
625 907 741 961 earum,
757 907 829 966 quas
845 888 941 948 divina
956 887 1143 966 providentia
1159 890 1227 950 dici·-

112 973 153 1036 99
164 993 231 1034 mus
250 974 432 1034 constitutae.
463 973 504 1032 Ac
519 973 663 1052 principio
678 980 755 1033 terra
770 973 905 1033 universa
921 979 1070 1046 cernatun
1086 973 1186 1035 locata
1199 976 1227 1034 in

163 1057 259 1118 media
274 1059 342 1119 sede
356 1057 468 1130 mundi,
483 1057 576 1118 solida
590 1065 619 1116 et
634 1058 756 1135 globosa
772 1066 800 1117 et
814 1057 943 1135 undique
958 1057 1023 1136 ipsa
1038 1058 1070 1116 in
1086 1072 1226 1119 sese‘nu-

162 1141 242 1202 tibus
258 1142 319 1202 suis
335 1140 521 1219 conglobata,
542 1140 645 1202 vestita
660 1142 797 1214 liovibus,
812 1142 928 1216 herbis,
946 1141 1120 1215 arboribus,
1137 1143 1227 1222 lrugi·

162 1226 232 1298 bus,
253 1244 379 1305 quorum
402 1223 535 1286 ninnium
554 1225 730 1287 incredibilis
748 1225 904 1288 multitudo
919 1226 1074 1287 insatiabili
1090 1228 1228 1289 varietate

164 1309 360 1387 distinguitur.
400 1309 481 1370 lldde
499 1309 558 1370 huc
578 1311 703 1372 sontium
723 1311 831 1390 gelidas
852 1311 1073 1390 peremnitates‚
1098 1312 1227 1392 liquores

163 1393 332 1472 perlucidos
348 1394 492 1468 amnium,
507 1394 639 1474 riparum
654 1397 776 1457 vestitus
792 1395 1000 1469 viridissimos‚
1018 1397 1229 1474 speluncarum

165 1496 304 1539 concavas
324 1479 506 1552 altitudines,
527 1475 666 1542 saxorum
683 1481 868 1560 asperitates,
889 1481 1126 1560 impendentium
1141 1501 1228 1542 mon-

164 1564 238 1624 tium
258 1563 422 1625 altitudines
438 1563 705 1644 immensitatesque
721 1584 908 1651 camporum3
929 1565 1001 1625 adde
1016 1565 1105 1626 ctiam
1122 1575 1228 1628 recon-

75 1701 83 1712 .
111 1657 144 1708 99
164 1649 239 1709 ditas
266 1649 329 1710 auri
348 1650 516 1728 argentique
534 1669 622 1711 venas
642 1651 843 1730 infinitamque
861 1651 919 1710 vim
934 1651 1104 1710 marmoris.
1150 1653 1229 1724 Quae

164 1751 232 1794 vero
252 1742 281 1794 et
299 1751 388 1812 quam
409 1734 486 1795 varia
506 1753 611 1812 genera
629 1735 788 1796 bestiarum
808 1735 852 1795 vel
872 1734 1001 1796 cicurum
1016 1735 1061 1795 vel
1082 1735 1228 1798 serarum!

164 1819 213 1897 qui
232 1817 383 1879 volucrum
407 1820 506 1899 lapsus
529 1828 614 1899 atquc
633 1818 749 1880 cantus!
775 1819 824 1897 qui
843 1819 989 1898 pecudum
1008 1819 1130 1896 pastus!
1157 1840 1230 1901 quac

163 1902 220 1963 vita
234 1902 423 1964 silvestrium!
453 1904 528 1976 Quid
545 1905 603 1964 iam
615 1905 651 1964 de
661 1903 817 1965 hominum
830 1923 934 1982 genere
947 1901 1063 1963 dicam?
1080 1905 1134 1983 qui
1146 1906 1229 1984 quasi

165 1988 291 2048 cultores
306 1996 400 2049 terrac
415 1989 565 2048 constituti
580 2007 641 2049 non
656 1980 807 2068 patIunlur
821 2008 884 2049 cam
900 2007 955 2048 nec
969 1987 1153 2050 immanitate
1167 1990 1229 2050 bel-

164 2071 280 2131 luarum
297 2071 408 2132 ellerari
422 2090 477 2132 nec
492 2072 627 2150 stirpium
642 2093 674 2133 as
697 2074 797 2133 oritate
811 2073 933 2146 vastari,
950 2091 1139 2152 quorumque
1156 2094 1228 2154 cpe-

164 2155 245 2215 ribus
262 2155 332 2232 agri,
348 2155 459 2214 insulae
473 2155 628 2234 littoraque
640 2093 791 2230 costucent
809 2159 944 2219 distincta
954 2157 1038 2217 tectis
1051 2166 1080 2218 et
1091 2159 1228 2220 urbibus.

165 2238 246 2311 Quae
265 2238 303 2311 si,
324 2246 356 2298 ut
376 2238 493 2313 animis,
513 2239 556 2299 sic
576 2241 667 2302 oculis
681 2241 778 2301 videre
798 2261 968 2321 possemus,
987 2260 1075 2302 nemo
1092 2252 1230 2305 cunctam

96 2331 144 2382 100
164 2322 282 2384 intuens
297 2329 403 2383 terram
420 2324 455 2404 de
471 2323 564 2384 divina
579 2325 691 2386 ratione
706 2326 857 2388 dubitaret.
886 2328 923 2387 At
933 2346 1002 2387 vero
1016 2336 1125 2405 quanta
1138 2329 1228 2390 maris

164 2415 209 2468 est
223 2407 422 2487 pulchritudo!
439 2427 511 2488 quae
526 2409 637 2488 species
651 2410 792 2471 universi!
807 2431 880 2491 quae
895 2412 1050 2473 multitudo
1062 2420 1091 2472 et
1102 2414 1228 2474 varietas

164 2492 340 2555 insularum!
365 2513 438 2574 quae
446 2494 647 2555 amoenitates
670 2513 789 2556 orarum
808 2515 842 2557 ac
860 2495 1006 2576 littorum!
1026 2505 1099 2575 quot
1120 2517 1228 2583 genera

165 2598 310 2660 quamque
335 2579 462 2658 disparia
487 2579 593 2660 partim
617 2581 850 2655 submersarum,
875 2582 981 2660 partim
1001 2581 1181 2643 fluitantium
1201 2590 1229 2642 ct

164 2665 327 2726 innantium
342 2665 511 2739 belluarum,
527 2667 632 2745 partim
648 2665 683 2727 ad
699 2685 767 2726 saxa
781 2666 884 2727 nativis
899 2666 982 2726 testis
995 2665 1227 2728 inhaerentium!

163 2852 269 2914 dealem
282 2851 371 2913 zeigen
384 2835 668 2903 dieWcrtemac'lvina-
755 2851 896 2902 insatiabili
911 2853 1042 2916 cardetate,
1067 2852 1091 2900 d
1115 2854 1147 2932 1ιἰ
1165 2869 1229 2918 qnae

164 2918 380 3051 boqqqqqdairpw
391 2989 417 3034 in
429 3001 485 3036 ecce
496 2989 599 3037 nundus
611 2989 667 3037 anic
720 2936 856 3050 ascqptngqns
872 2936 925 3036 ffi
940 2919 1101 3038 ὒαέἷιῇᾱιὲὲξ
1120 2921 1228 3038 illm?

164 3050 324 3114 conglobata:
351 3051 376 3098 in
397 3049 544 3112 llugelform
568 3070 667 3103 zusam-
720 3056 811 3116 bringt.
835 3053 1101 3114 Ebensoc.b2‚155:
1120 3059 1228 3106 a'ncatia-

163 3117 316 3180 mergeballt
331 3117 408 3166 durcb
425 3117 469 3166 das
482 3118 590 3169 Streben
602 3121 668 3170 aller
721 3123 795 3173 bilior
812 3126 915 3190 spen'es.
945 3121 988 3171 Fr.
1006 3121 1125 3171 Hortens.
1147 3123 1225 3173 0rcll.

163 3188 233 3236 ihrer
245 3184 333 3235 Tbeile
346 3200 402 3234 aum
413 3182 585 3250 Mittelpunlit.
608 3187 667 3251 Vgl.
720 3189 763 3253 lV,
777 3189 792 3238 2
805 3205 828 3254 p.
839 3189 901 3240 482:
920 3189 984 3240 caeli
992 3193 1133 3254 ιιᾈνιιονιιιη
1144 3192 1227 3242 adnn-

164 3271 185 3306 c.
200 3255 244 3320 45,
259 3251 318 3302 116:
338 3254 455 3303 manibus
476 3254 531 3302 etus
548 3257 666 3319 partibus
720 3258 826 3308 rabilem
859 3257 976 3308 ordinem
1007 3259 1228 3326 insatiabilem
1300 3263 1301 3266 ’

162 3327 188 3374 in
208 3322 323 3374 meacm
341 3323 512 3387 vergentibus.
549 3321 666 3372 Dieselbe
718 3326 932 3393 pulchritudinem
943 3328 1149 3392 maonsepectat.
1173 3329 1227 3376 An-

162 3392 307 3454 Erlil'arung
340 3391 386 3440 der
412 3387 560 3452 llugelform
589 3389 668 3440 findet
720 3394 915 3460 deresseispiele
932 3408 981 3442 von
995 3391 1053 3456 Adj.
1071 3393 1158 3443 dieser
1176 3395 1226 3443 1111-

164 3460 217 3509 sicb
229 3460 291 3510 aucb
303 3459 435 3511 audcrswc
452 3456 531 3519 lister,
550 3473 573 3507 z.
586 3458 613 3507 Β.
626 3458 666 3507 bei
719 3462 787 3524 dung
810 3462 854 3510 mit
879 3461 976 3510 activcr
998 3461 1148 3524 bedcutung
1171 3462 1226 3511 sind

163 3526 271 3578 Aristct.
287 3530 318 3577 dc
337 3527 407 3577 caclo
423 3524 445 3576 Il
462 3542 482 3576 c.
497 3525 536 3576 14.
565 3523 666 3576 ilndere
720 3529 866 3578 animabitis
879 3529 942 3578 oben
955 3545 976 3578 c.
991 3527 1036 3589 36,
1051 3527 1081 3578 91
1096 3545 1121 3578 u.
1131 3532 1227 3596 patibi-

164 3593 268 3642 leiteten
282 3596 318 3644 sie
329 3612 378 3645 von
392 3596 437 3646 der
448 3593 608 3658 Umdrebuug
622 3595 666 3644 des
719 3596 751 3646 lis
763 3594 803 3657 lll,
818 3596 856 3660 12,
868 3596 900 3645 27
913 3598 963 3645 und
975 3597 1045 3645 mebr
1056 3583 1224 3647 beil’eriaou.

164 3659 284 3709 llimmels
293 3662 456 3712 umdiellrdc
466 3662 505 3725 ab,
514 3666 668 3714 inaccensam
720 3680 753 3712 zu
765 3663 848 3714 Sanct.
862 3663 923 3713 Min.
936 3662 954 3726 Ι,
972 3663 1010 3725 15,
1024 3663 1048 3712 4.

165 3727 221 3776 cias
234 3727 340 3790 globum
350 3732 377 3776 in
386 3731 509 3792 soranam
521 3735 590 3782 orbis
601 3734 667 3782 assi-
755 3730 795 3779 99.
813 3731 911 3798 lapsae,
927 3747 977 3780 von
992 3730 1067 3794 jeder
1079 3731 1223 3794 glcitenden

165 3793 218 3844 dua
238 3795 306 3842 circa
328 3808 385 3841 eam
404 3796 495 3844 mundi
512 3799 667 3848 voladditate
720 3797 868 3862 Bewegung‚
884 3798 1135 3849 alsonuchvondcm
1148 3801 1224 3850 durch

166 3864 279 3927 cogente.
303 3857 367 3908 Plin.
380 3859 409 3908 11.
423 3860 454 3908 N.
466 3859 496 3924 11,
510 3863 551 3912 64.
720 3863 760 3912 dic
772 3863 832 3914 Len
843 3865 916 3914 dobin
928 3865 1071 3930 glciteuden
1083 3865 1196 3930 Flugc.

253 4186 441 4282 ἡ
