2612 4328
191 216 250 276 174
536 212 580 262 nn
598 209 734 262 namna
751 209 890 262 nnonuu
918 241 924 266 ι

188 379 274 430 mus:
290 387 307 428 a
321 385 380 446 quo
395 381 487 445 quum
503 382 596 426 sonus
611 371 658 422 est
670 369 817 442 acceptus,
832 362 918 424 etiam
930 383 946 424 e
957 382 1064 446 somuo
1079 365 1248 428 excitamur.

188 452 366 513 Flexuosum
381 450 437 512 iter
451 449 550 521 babet,
570 447 693 525 nequid
714 447 822 508 intrare
842 447 999 533 possitksi,
1014 449 1140 526 simplex
1160 459 1189 510 et
1202 451 1247 512 di-

189 543 301 596 reetum
316 542 440 614 pateram
459 534 611 612 provisum
626 531 726 603 etiam,
748 539 794 604 ut,
810 531 836 592 si
850 551 907 610 qua
921 531 1042 593 minima
1056 533 1182 594 bestiola
1197 555 1247 596 co-

188 627 308 680 naretur
320 619 496 697 irrumpere,
514 618 545 676 in
560 616 697 676 sordibus
713 615 828 696 aurium
841 625 990 696 tamquam
1004 618 1035 678 in
1049 619 1131 679 risco
1148 619 1246 680 inhae-

187 713 323 764 resceret.
350 704 438 764 Extra
452 710 549 763 autem
565 701 693 761 eminent
704 719 778 778 quae
788 701 969 779 appellantur
979 721 1074 775 aures,
1090 710 1120 763 et
1133 705 1247 780 tegendi

188 806 292 850 caussa
316 790 407 849 sactae
424 786 594 864 tutandique
612 802 729 857 sensus,
749 795 778 846 et
791 803 829 844 ne
843 784 968 854 adiectae
983 805 1070 848 voees
1084 787 1248 849 laberentur

189 881 274 952 atque
288 881 419 934 errarent
432 871 603 950 priusquam
619 887 724 930 sensus
741 868 776 928 ab
791 869 837 928 his
852 869 955 948 pulsus
970 879 1056 932 esset.
1084 871 1142 931 Sed
1158 872 1246 933 duros

188 966 215 1020 et
231 957 313 1036 quasi
329 955 485 1018 corneolos
500 955 607 1016 hahent
622 953 758 1014 introitus
770 953 928 1035 multisque
941 973 1007 1014 cum
1020 955 1153 1027 flexibus,
1168 959 1246 1034 quod

186 1043 234 1103 bis
258 1042 370 1103 naturis
390 1041 498 1100 relatus
522 1038 714 1116 amplificatur
738 1057 840 1100 sonus.
875 1039 1019 1112 Quocirca
1039 1049 1067 1100 et
1090 1040 1122 1100 in
1142 1041 1244 1102 fidibus

187 1126 334 1187 testudine
348 1133 502 1186 resonatur
521 1131 571 1184 aut
590 1141 698 1195 cornu,
719 1131 747 1183 et
767 1143 800 1184 ex
821 1123 963 1184 tortuosis
984 1124 1057 1184 locis
1078 1131 1106 1185 et
1126 1124 1245 1186 inclusis

121 1222 168 1272 145
190 1210 257 1270 soni
272 1211 438 1270 relemntur
453 1206 617 1286 ampliores.
642 1207 780 1268 Similiter
794 1226 889 1281 nares,
905 1227 979 1286 quae
994 1227 1112 1289 semper
1127 1219 1246 1289 propter

83 1334 85 1341 -
188 1293 367 1355 necessarias
387 1292 526 1353 utilitates
546 1299 658 1370 patent,
680 1293 888 1362 contractiores
909 1291 1016 1354 habent
1037 1293 1191 1366 introituS,
1209 1313 1246 1355 ne

189 1376 259 1457 quid
274 1377 305 1438 in
321 1395 379 1450 eas,
395 1376 473 1456 quod
490 1383 601 1449 noceat,
616 1377 712 1454 possit
723 1377 889 1454 pervadere,
906 1377 1120 1456 humoremque
1132 1397 1246 1457 semper

187 1461 305 1535 babent,
321 1461 356 1522 ad
371 1461 520 1539 pulverem
532 1460 678 1539 multaque
694 1460 746 1521 alia
758 1460 927 1539 depellenda
941 1479 1003 1522 non
1018 1461 1160 1522 inutilem.
1187 1463 1246 1523 Gu-

189 1554 282 1608 status
302 1547 447 1625 praeclare
466 1552 585 1622 saeptus
607 1553 664 1606 est:
685 1564 737 1605 ore
758 1545 835 1606 enim
857 1545 1035 1619 continetur,
1056 1554 1085 1606 et
1104 1547 1141 1606 ad
1160 1565 1245 1608 usum

188 1640 254 1710 apte
268 1639 296 1692 et
315 1631 351 1692 ad
370 1629 575 1690 incolumitatis
591 1630 763 1690 custodiam.
794 1630 955 1708 Omnisque
970 1649 1076 1691 sensus
1092 1632 1246 1692 homiuum

130 1718 171 1779 58
188 1716 280 1776 multo
300 1715 441 1776 antecellit
459 1714 593 1774 sensibus
613 1713 781 1774 bestiarum.
812 1714 944 1776 Primum
964 1716 1042 1775 enim
1063 1716 1140 1776 ocuh
1161 1716 1245 1776 iniis

187 1800 312 1874 artibus,
327 1818 450 1879 quarum
466 1798 606 1858 iudicium
621 1807 665 1858 est
681 1799 848 1870 oculorum,
864 1799 1007 1878 inpiatis,
1024 1799 1099 1861 lictis
1116 1800 1246 1861 caelatis-

188 1903 243 1964 que
258 1885 376 1955 formu,
396 1884 427 1943 in
448 1900 605 1962 corporum
624 1881 709 1942 etiam
725 1882 856 1944 motione
875 1891 960 1961 atque
975 1890 1058 1962 gestu
1074 1885 1168 1945 multa
1184 1903 1246 1945 eer-

188 1977 262 2030 nunt
277 1969 425 2040 subtilius,
442 1967 573 2052 colorum
585 1967 671 2028 etiam
683 1975 712 2026 et
723 1967 881 2045 figurarum
893 1974 955 2028 tum
968 1975 1151 2028 venustatem
1163 1976 1247 2047 atque

188 2053 321 2114 ordinem
338 2061 378 2125 et,
400 2052 482 2112 atita
498 2051 607 2123 dicam,
628 2051 788 2112 decentiam
805 2051 879 2112 oculi
894 2051 1036 2112 iudicant:
1058 2060 1147 2131 atque
1161 2055 1246 2114 etiam

189 2135 242 2196 alia
256 2135 375 2196 maiora.
405 2135 481 2196 Nam
496 2144 524 2194 et
537 2136 657 2195 virtutes
677 2143 705 2196 et
718 2137 785 2210 vilja
806 2145 1000 2214 cognoscunt:
1020 2137 1127 2199 iratum
1143 2139 1248 2216 propi-

187 2219 270 2290 tium,
284 2219 437 2280 laetantem
454 2218 609 2292 dolentem,
624 2221 730 2280 sortem
741 2221 887 2298 ignavum,
903 2223 1043 2282 audacem
1053 2223 1249 2301 timidumque

120 2315 168 2367 tlt
189 2309 379 2382 cognoscunt.
408 2301 588 2381 Auriumque
606 2303 676 2364 item
692 2312 738 2364 est
757 2305 923 2366 admirabile
944 2306 1091 2384 quoddam
1108 2307 1249 2368 artifieio-

225 2488 281 2538 144.
299 2488 689 2557 raequidintrarepoaritaipa-
778 2493 833 2539 hem
855 2494 1012 2540 aunuatatem
1031 2517 1078 2540 —.
1116 2491 1167 2545 llas
1192 2501 1249 2543 ent-

189 2561 261 2608 ieret.
286 2555 337 2606 Der
349 2556 503 2620 ubgekiirate
513 2556 647 2606 husdruek
656 2557 690 2607 ist
744 2557 897 2622 sprecbende
915 2562 970 2608 tum
985 2557 1059 2608 fehlt:
1082 2559 1147 2608 deun
1165 2575 1249 2609 anzu-

188 2639 219 2674 zu
229 2625 363 2688 ergiinzem
377 2631 442 2674 etwu
452 2625 529 2674 durch
539 2624 691 2690 quodfioret
742 2639 807 2686 men,
820 2626 878 2674 dass
891 2625 935 2674 das
944 2624 1061 2689 lolgeude
1072 2631 1098 2676 et
1106 2627 1250 2678 deemrtiam

188 2694 249 2742 oder
259 2693 325 2758 fimi
337 2696 439 2760 posset,
457 2694 481 2742 ai
490 2696 543 2758 pot.
568 2692 689 2742 Aehnlieb
741 2689 784 2740 fiir
796 2697 851 2742 tum
862 2691 1001 2742 decentium
1018 2694 1103 2756 stobe,
1121 2685 1251 2745 ve‘rbietet

188 2759 253 2811 Gell.
267 2759 298 2820 V,
314 2759 356 2810 lu:
374 2764 427 2810 laen
437 2762 495 2811 itero
505 2760 610 2826 legeque
614 2758 689 2825 filius
743 2759 874 2823 dorsum,
891 2760 921 2809 da
938 2760 1053 2812 decentia
1069 2762 1133 2810 eben
1146 2778 1197 2812 nur
1209 2763 1250 2812 ein

186 2829 253 2892 siet,
275 2843 352 2892 quara
377 2830 402 2877 si
421 2835 501 2878 που
515 2831 591 2893 patre
610 2831 689 2877 natue
741 2826 850 2875 auderer
864 2827 997 2878 ausdruck
1016 2827 1059 2877 hir
1079 2833 1205 2880 uenustas
1226 2834 1252 2878 et

188 2898 267 2956 esset,
279 2894 303 2943 d.
316 2895 338 2942 b.
352 2909 427 2958 quoru
439 2895 597 2960 essetfiliue,
610 2897 635 2943 ei
643 2921 689 2942 -.
743 2894 807 2944 ordo
819 2894 860 2943 ist.
884 2893 972 2944 Cicero
980 2895 1023 2944 hat
1031 2897 1094 2945 auch
1104 2897 1161 2946 bier
1170 2897 1252 2947 lliicb·

189 2959 246 3022 Vgl.
260 2957 363 3008 liiihner
375 2975 407 3010 au
420 2959 521 3010 Tuscul.
532 2961 562 3021 V,
577 2959 618 3025 33,
631 2959 671 3010 96.
742 2961 957 3077 tiggels‘chrieben.
981 2962 1032 3012 llas
1043 2962 1122 3080 Wert
1133 2964 1253 3014 decentio

245 3061 250 3074 .
358 3063 363 3074 .
566 3065 572 3076 .
743 3029 777 3078 ist
800 3029 856 3078 iiri
873 3044 918 3078 ens
942 3031 982 3079 ein
1005 3046 1037 3079 un
1056 3047 1070 3079 e
1090 3032 1252 3082 riiuehliehes

189 3061 263 3178 ’,ἐκ
274 3062 375 3109 ”am
386 3081 420 3102 ξ
432 3062 510 3110 ''⁰1⁵¹‘'
525 3062 602 3112 'mm‘
613 3065 690 3112 'mm'
743 3095 792 3144 und
813 3044 872 3146 rod3
884 3095 971 3146 Cicero
992 3046 1073 3147 sellfst
1093 3101 1252 3161 gemaebtes,

743 3163 790 3212 wie
801 3164 863 3214 auch
876 3165 920 3213 das
932 3168 962 3214 ut
972 3167 1010 3214 ita
1021 3165 1106 3216 άίοαηι
1117 3167 1253 3224 andeutet,

223 3215 275 3278 58·
300 3225 356 3275 145.
382 3224 464 3276 mullo
483 3230 590 3278 emunt
608 3229 689 3276 subti-
742 3245 782 3280 um
796 3232 842 3280 den
854 3231 950 3294 liegrill
964 3233 1009 3282 der
1022 3227 1182 3300 εὐπρέπεια
1196 3241 1253 3285 ent·

187 3295 245 3347 hue.
270 3293 327 3345 Mun
344 3292 403 3343 duri
417 3293 470 3342 siah
487 3293 555 3343 nicht
572 3293 688 3358 schanan,
743 3299 911 3362 sprecbender·
930 3301 1138 3364 anszudriieken,
1159 3302 1203 3351 als
1225 3317 1255 3350 er

254 3379 263 3414 ι
284 3365 381 3414 heah'ae
397 3359 610 3411 hinzuzudenlren.
637 3360 689 3411 Der
743 3365 1255 3418 dumba-mustacetordoauszudriicken

207 3431 345 3498 empurativ
361 3429 425 3480 wird
443 3429 466 3478 in
483 3429 550 3478 allen
563 3427 688 3494 Spracben
742 3447 804 3482 war.

121 3493 130 3516 ²
188 3497 427 3562 ostsogebrauebt,
444 3497 503 3547 dass
519 3497 567 3546 ihm
585 3496 630 3546 aul
643 3497 689 3546 der
777 3501 942 3566 druidumque
977 3509 1146 3568 emouerent.
1196 3505 1257 3554 Mau

187 3565 282 3616 andern
295 3567 364 3617 Seite
377 3565 443 3615 nieht
455 3565 495 3614 eiu
507 3564 615 3630 Positiv‚
629 3579 688 3614 son·
742 3569 840 3618 mliebte
852 3570 897 3618 das
910 3569 1020 3620 Verbum
1037 3572 1092 3621 bier
1109 3573 1176 3622 ader
1188 3573 1257 3622 kun

188 3631 249 3681 darn
266 3632 321 3682 eine
337 3631 461 3694 Negation
481 3632 625 3696 geganiiber
644 3647 688 3695 ge-
741 3636 835 3686 vorber
846 3644 950 3702 gespmt
967 3638 1029 3687 oder
1045 3639 1092 3688 mit
1107 3640 1195 3689 ciuem
1208 3655 1257 3689 an·

188 3697 262 3748 dauht
277 3700 350 3748 wird.
379 3699 405 3748 S.
421 3699 525 3750 Nitzseb
543 3715 575 3750 ru
592 3697 688 3750 Plato’s
742 3701 1121 3768 deruvertauscbtwiiuscben3
1134 3707 1204 3757 eber
1217 3708 1258 3756 ich

189 3762 232 3814 lou
245 3779 268 3829 p.
281 3763 323 3814 66.
346 3765 408 3815 hlso
420 3767 474 3818 bier
484 3768 603 3818 meatus
613 3781 689 3832 quam
742 3769 832 3832 denke,
844 3772 906 3821 auch
918 3771 943 3821 in
954 3773 1259 3837 dieserWieder-boluug

189 3831 363 3896 &amquam
371 3832 434 3882 m'hil
439 3834 566 3886 euhhhter
573 3837 688 3886 commit.
741 3837 845 3886 verrith
856 3839 908 3888 sich
921 3838 1030 3890 Cicero’s
1043 3841 1237 3906 Elicbtigkeit
