2612 4328
356 309 358 321 ,
446 276 549 330 mnu.
577 277 756 328 clemen.
933 269 948 286 '
1077 285 1136 346 167

74 438 239 494 nascuntur
253 438 282 491 et
296 432 456 492 educantur
469 431 533 508 ipsa
548 449 600 511 por
609 450 689 492 sese.
719 433 781 493 lam
796 433 915 512 gallinae
930 453 1053 514 avesque
1068 436 1137 498 reli-

76 535 154 595 quae
175 526 203 576 et
222 515 351 594 quletum
374 515 526 593 requirunt
545 516 580 576 ad
600 516 771 595 pariendum
786 517 898 592 locum,
917 527 945 580 et
961 519 1066 581 cubilia
1081 519 1137 580 sibi

76 601 224 680 nidosque
244 608 420 660 construunt
439 618 548 677 cosque
569 619 656 678 quam
675 609 802 678 possunt
819 603 990 664 mollissime
1005 605 1137 665 subster-
1187 603 1191 612 '
1237 662 1242 671 ,

75 693 167 758 nunt,
185 693 218 746 ut
238 703 325 762 quam
345 683 476 745 facillime
496 693 736 744 ova'serrentur:
760 705 794 745 ex
810 686 916 764 quibus
931 688 1029 765 pullos
1039 706 1137 765 quum

75 771 275 842 excluserunt,
291 768 330 829 ita
346 776 473 840 tuentur,
490 777 522 829 nt
538 776 566 828 et
581 768 686 847 pennis
701 771 829 842 loveant,
845 789 882 830 ne
897 770 1005 848 frigore
1019 772 1136 832 laedan-

74 862 134 926 tur,
151 862 187 927 et,
204 853 230 914 si
245 861 290 913 est
305 853 382 914 calor
397 873 413 915 a
428 853 498 926 sole,
514 872 545 914 se
562 860 722 932 opponant.
752 854 851 927 Quum
868 863 964 916 autem
978 854 1049 934 pulli
1064 874 1137 934 pen-

72 939 156 999 nulis
182 938 224 999 uti
250 945 389 1015 possunt,
414 947 477 998 tum
503 938 615 999 volatus
642 955 748 998 eorum
762 948 881 1020 ¹matres
907 947 1137 1018 prosequuntur,

71 1010 186 1101 reliqua
206 1040 274 1081 cura
293 1022 460 1081 liberantur.
491 1023 608 1083 Accedit
624 1021 711 1082 etiam
726 1024 762 1083 ad
777 1023 986 1084 nonnullorum
1002 1024 1135 1085 animan·
1159 1025 1207 1076 130

72 1108 152 1168 tium
168 1113 196 1166 et
211 1105 310 1166 earum
325 1124 439 1178 rerum,
454 1125 526 1184 quas
541 1115 618 1166 terra
633 1107 732 1186 gignit,
749 1108 1000 1168 conservationem
1016 1116 1044 1168 et
1059 1109 1137 1168 salu-

72 1201 135 1252 tem
157 1190 310 1250 hominum
331 1190 457 1251 sollertia
476 1197 505 1250 et
525 1189 677 1269 diligentia.
707 1191 780 1251 Nam
802 1193 908 1254 multae
925 1201 953 1253 et
967 1193 1094 1271 pecudes
1110 1199 1139 1253 et

72 1275 184 1356 stirpes
205 1281 286 1345 sunt,
307 1293 380 1352 quae
401 1275 464 1334 sine
484 1275 689 1353 procuratione
709 1276 863 1337 hominum
884 1278 978 1338 salvae
994 1296 1060 1337 esse
1076 1294 1138 1337 non

71 1366 215 1440 possunt.
266 1359 386 1436 Magnae
410 1361 497 1419 etiam
522 1361 758 1448 opportunitates
785 1362 822 1421 ad
848 1363 957 1422 cultum
983 1349 1138 1422 hominum

71 1453 164 1522 atque
189 1441 395 1502 abundantiam
420 1443 489 1502 aliae
515 1443 577 1502 aliis
598 1445 628 1502 in
647 1443 719 1502 locis
739 1444 932 1522 reperiuntur.
974 1446 1137 1524 Aegyptum

71 1528 163 1590 Nilus
178 1526 288 1604 irrigat,
304 1536 341 1599 et,
358 1544 447 1604 quum
463 1534 525 1584 tota
540 1535 648 1587 aestate
665 1527 799 1587 obrutam
816 1530 1020 1607 oppletamque
1035 1531 1137 1600 tenuit,

70 1622 140 1674 tum
160 1610 269 1671 recedit
292 1609 479 1688 mollitosque
499 1619 526 1669 et
547 1611 700 1672 oblimatos
721 1630 808 1688 agros
823 1614 859 1672 ad
876 1611 1032 1672 serendum
1048 1612 1137 1671 relin-

74 1698 149 1776 quit.
180 1694 421 1773 Mesopotamiam
438 1694 560 1757 lertilcm
577 1695 664 1754 ellicit
678 1695 849 1772 Euphrates,
864 1696 894 1756 in
909 1713 996 1775 quam
1011 1703 1136 1773 quotan-

74 1782 125 1842 nis
142 1779 227 1859 quasi
241 1797 336 1840 novos
353 1797 439 1856 agros
456 1779 573 1839 invehit.
603 1779 693 1838 ludus
708 1797 790 1851 vero,
805 1780 855 1857 qui
871 1787 916 1840 est
932 1779 1065 1840 omnium
1080 1780 1136 1840 llu-
1166 1819 1171 1828 ·

74 1866 191 1928 minum
206 1863 367 1936 maximus,
382 1882 443 1924 non
458 1882 531 1943 aqna
548 1863 643 1924 solum
659 1881 745 1940 agros
760 1863 893 1924 laetificat
907 1871 935 1924 et
948 1863 1070 1940 mitigat,
1086 1863 1137 1924 scd

114 2076 166 2135 52.
192 2083 247 2132 129.
274 2087 418 2134 rearmatur
434 2082 581 2132 etcducaa-
671 2082 751 2132 Indua
768 2111 800 2118 —
819 2084 961 2134 mamus.
998 2082 1062 2132 lloss
1092 2082 1138 2131 der

58 2211 60 2218 ‚
78 2159 132 2204 tarr.
158 2149 337 2202 Grammatisclr
350 2151 415 2200 kann
426 2150 524 2200 lucilielr
534 2147 589 2200 nur'
637 2149 736 2213 Ganges
747 2150 808 2199 doch
818 2152 880 2200 noch
890 2153 995 2213 grdssor
1003 2151 1041 2200 als
1049 2148 1138 2200 derln·

78 2237 128 2272 eoa
139 2220 177 2268 als
190 2219 295 2281 Subject
307 2233 451 2280 genommen
463 2219 580 2279 werden3
637 2218 682 2266 dus
697 2218 741 2280 sei,
763 2218 896 2267 bomerlren
909 2219 1023 2275 melarere
1035 2219 1080 2267 der
1092 2217 1137 2266 lll-

77 2290 126 2338 der
143 2287 305 2348 verstiimligo
322 2285 402 2335 Lescr
423 2286 501 2335 denkt
521 2285 583 2335 uber
635 2292 678 2334 teu
695 2285 882 2347 ausdriiclrliclr‚
904 2283 1136 2336 wicmannum
1243 2306 1246 2317 ¹

76 2354 203 2404 natiirllch
216 2369 246 2402 an
259 2354 298 2402 die
311 2367 356 2404 ans
369 2353 415 2402 den
428 2353 504 2402 Eiern
522 2368 581 2402 ans·
636 2369 658 2402 c.
671 2352 701 2414 43
720 2353 781 2401 aber
797 2354 837 2402 die
850 2356 968 2416 griissten
981 2353 1072 2403 Fliisse
1085 2351 1138 2401 Eu-

75 2422 246 2472 kriechenden
260 2420 365 2483 Jnngen.
637 2417 719 2484 ropn’s
732 2421 781 2468 und
794 2419 916 2483 Alrika's,
935 2420 975 2469 dle
988 2419 1075 2470 Donau
1088 2419 1137 2468 und

115 2488 172 2538 130.
192 2492 366 2538 totoaealotc:
383 2488 492 2537 hnndcrt
504 2485 583 2551 Tage,
635 2489 681 2536 der
697 2487 753 2550 Nil,
773 2488 875 2536 avernen
893 2502 950 2535 vom
967 2486 1042 2535 ludus
1064 2486 1158 2534 iiber-'

76 2554 499 2606 dledroiSommermonatedurch.
518 2554 582 2604 Plin.
637 2553 735 2603 troilon.
760 2553 841 2603 ldib.
856 2551 961 2602 c.3.—-
983 2551 1139 2602 Vonseinon

56 2624 107 2678 ,Η.
127 2621 204 2684 NV,
222 2623 237 2670 9
255 2637 279 2685 p.
294 2620 355 2669 269:
373 2621 465 2688 Incipit
481 2621 581 2684 (Nilus)
636 2621 685 2669 und
710 2620 793 2669 sciner
813 2619 977 2670 Nebenuiisse
997 2619 1139 2682 jlllrrliohon

77 2705 194 2742 cresccre
204 2689 267 2738 luno
281 2703 359 2750 noea,
377 2704 442 2753 quae
455 2693 518 2755 poet
533 2689 583 2739 col·
636 2686 936 2748 Uehcrsclrwemmungcn
957 2686 1029 2734 redet
1046 2685 1137 2734 Strabo

76 2761 181 2810 atilium
190 2761 237 2819 est,
250 2757 347 2805 aenaim
357 2755 512 2820 modiceque,
524 2772 583 2806 cao-
635 2754 692 2816 XV,
708 2754 718 2802 l
731 2769 754 2819 p.
765 2753 814 2803 259
824 2751 949 2812 Teuchn.;
961 2767 1015 2801 was
1027 2753 1088 2802 aber
1097 2751 1139 2800 ci-

77 2842 152 2878 crum
168 2825 222 2874 cole
240 2827 401 2884 trmaeunt05
416 2823 583 2874 abundantis-
636 2837 694 2871 cero
706 2837 755 2870 von
767 2822 812 2870 der
820 2821 929 2869 dadurch
939 2819 1079 2870 hewirlrten
1090 2820 1139 2869 llo-

78 2897 256 2955 remediatore,
273 2891 385 2948 leonema
405 2895 432 2940 et
451 2890 542 2940 residit
556 2894 582 2940 tn
636 2903 741 2950 samung
754 2895 821 2951 segc,
841 2887 906 2937 lindc
922 2887 960 2937 ich
980 2895 1052 2938 sonst
1064 2888 1138 2938 nicht.

77 2957 582 3026 megetiotisdemquibuaoccrecitmodig.
636 2957 706 3005 Auch
719 2971 771 3006 was
788 2956 828 3006 dle
845 2958 943 3006 emona
955 2956 1087 3022 frumenti
1101 2958 1139 3006 at·-

78 3030 109 3079 In
124 3032 207 3078 totum
218 3031 305 3076 autom
316 3030 451 3076 revocatur
462 3029 532 3076 intra
545 3028 583 3075 ri·
636 3023 708 3074 utilia
724 3024 806 3087 scien,
828 3023 862 3073 ist
879 3024 947 3074 nicht
962 3025 1088 3074 bestimmt
1106 3039 1139 3074 zu

76 3095 263 3166 perintime,
284 3099 315 3144 ut
333 3093 416 3144 uadit
429 3093 582 3156 Herodotus,
637 3091 772 3141 ermitteln.
809 3091 885 3141 Eines
909 3092 1139 3142 weizen'dlrnllclten

78 3162 278 3214 coarteot'modie.
303 3160 582 3211 DieStellcllerodot's
638 3158 771 3209 Gctraides
788 3159 821 3208 im
833 3158 1138 3223 Musikanischanande,

78 3233 114 3282 ist
130 3230 158 3295 ll,
174 3230 213 3279 19.
638 3226 727 3277 iistlich
744 3242 801 3276 vom
817 3227 905 3292 ludus,
924 3229 1039 3278 crw'aihnt
1055 3226 1138 3276 Strab.

113 3295 584 3365 Mesopotamiam-Ertpltrotes.llcr
638 3294 762 3359 inputo.
776 3292 1138 3358 Dazuvgl.'l'heoplrr.hist.pl.

79 3367 194 3432 Euphrat
215 3371 268 3414 trut
289 3363 411 3428 jtihrliclr,
441 3380 514 3414 wenn
538 3365 584 3413 der
637 3361 806 3433 Ν,5ιφέρει
815 3360 846 3412 δὲ
856 3357 983 3424 (ἡἸνὸία)
995 3359 1041 3407 καὶ
1051 3357 1138 3436 σπέρ-

79 3435 179 3484 Sclrnce
191 3432 237 3482 aul
245 3432 292 3481 den
302 3431 480 3481 Armenisclren
491 3431 584 3482 Gcbir-
637 3447 713 3500 ματα
726 3427 794 3492 ἴδια,
807 3423 839 3478 τὰ
852 3426 905 3502 μὲι]
917 3429 975 3480 τοῖς
982 3422 1139 3539 χερςοποις

80 3518 129 3567 gen
140 3498 258 3562 schmolz,
271 3513 310 3547 wo
321 3513 350 3548 er
360 3498 585 3566 selucnUroprung
640 3496 867 3560 llliilsenlriiclrten)
882 3488 977 3561 ὃμοια,
990 3507 1023 3540 τα
1056 3488 1068 3540 ὲ
1080 3491 1139 3546 τοῖς

79 3571 181 3630 nimmt,
193 3566 239 3616 aul
248 3566 362 3616 dbnliehe
374 3565 463 3616 Welse
478 3567 526 3616 wic
539 3568 585 3615 der
638 3567 740 3633 πυροῖς
750 3563 795 3611 καὶ
804 3564 865 3614 ταῖς
874 3557 1139 3628 apodae'ctundnaclr·

79 3637 124 3690 Nil
137 3632 459 3685 iiheraelnollaclranUler.
482 3635 584 3684 Dimmo
637 3632 684 3682 lter
702 3631 783 3710 ptrue
803 3623 909 3707 ᾀγρίων
928 3626 1036 3694 κριθῶν
1051 3623 1081 3706 ἐξ
1101 3611 1141 3678 ὧν

80 3704 132 3754 und
160 3699 258 3752 llan'dle
288 3701 387 3750 dienten
417 3701 458 3750 dle
488 3701 584 3752 Ueber-
638 3698 684 3747 καὶ
705 3712 785 3763 aptot
801 3693 877 3759 quic
893 3694 939 3743 καὶ
976 3692 1077 3762 ονδρος
1092 3710 1141 3744 κα-

81 3772 267 3832 echwemmung
279 3784 311 3818 zu
324 3769 419 3831 regeln.
444 3768 470 3819 S.
483 3768 584 3818 Arriae.
639 3761 694 3819 λός.
703 3764 752 3812 und
761 3762 825 3812 Pliu.
835 3761 865 3811 Η.
875 3760 907 3812 N.
917 3711 1008 3826 XNlL
1019 3762 1033 3810 'l
1045 3779 1068 3827 p.
1075 3760 1139 3811 4³1:

82 3837 147 3903 llxp.
162 3835 269 3900 Atvll,
287 3833 328 3898 21,
347 3833 371 3884 3.
395 3836 494 3886 lleeren
510 3836 585 3885 ldeon
637 3830 761 3882 hordeum
785 3830 913 3896 silcestre,
937 3847 972 3882 cao
995 3846 1043 3897 quo
1064 3831 1140 3898 param

81 3912 131 3956 etc.
144 3903 169 3954 2.
182 3903 260 3968 Ausg.
274 3901 383 3968 (recoli
396 3903 422 3952 S.
436 3903 495 3953 tta.
638 3899 707 3968 apud
718 3913 761 3950 ooo
772 3900 934 3968 proectpuus.
