2622 4326
353 191 356 210 '
445 237 550 290 nnn.
577 237 757 292 amaras.
1077 247 1133 308 151

71 409 190 471 semper
212 391 418 454 habitavissent
436 393 518 454 bonis
537 403 563 454 et
581 393 746 456 tttasmbns
765 395 929 467 domiciliis,
956 413 1029 476 qaae
1047 408 1138 459 essent

72 486 186 538 ornata
204 481 292 556 signis
308 488 392 558 atqne
403 481 528 556 pictatis
541 481 736 558 instructaque
751 481 838 542 rabns
852 485 888 542 iis
902 480 1050 554 omnibns,
1071 485 1137 561 qni-

72 561 297 628 bns'abnndant
310 566 346 632 ii,
366 565 417 640 qni
431 562 508 622 beati
516 573 669 641 patanntr,
685 583 737 625 nec
751 574 847 626 tamen
861 569 985 626 em‘ssent
997 585 1135 646 amaseam

71 663 170 726 snpra
184 656 305 716 terram,
322 650 495 726 accepissant
510 657 604 706 anteat
617 649 701 727 sarna
712 659 739 710 et
751 649 906 720 anditione,
923 667 980 710 essa
991 653 1135 730 gaoddarn

70 748 185 791 namen
204 743 230 792 at
247 735 308 791 aina
329 733 465 804 deornm·
485 731 585 793 danda
606 731 702 811 aliano
723 745 850 812 tempora
866 735 1021 813 patefactis
1041 746 1136 796 terrae

68 814 214 895 sancibas
234 835 272 877 ea
290 816 350 878 illis
370 815 474 878 abditis
491 815 607 878 sedt'bns
625 817 747 878 evadere
767 821 798 878 in
813 817 882 878 baec
898 817 976 886 loca,
997 837 1069 897 anae
1083 837 1137 880 nos

68 899 241 972 incolimus,
258 911 340 980 atqne
356 904 437 962 em're
448 896 623 981 petiissent:
639 920 728 981 annno
743 913 857 982 repente
872 912 983 963 terrant
997 913 1026 962 et
1038 905 1136 964 maria

69 983 245 1063 oaelnmqne
269 985 420 1056 vidissent,
446 986 568 1048 nabtnm
593 988 821 1064 magnitudinem
845 998 1052 1066 ocntornmqne
1077 991 1136 1048 vim

68 1073 287 1147 cognovissent,
308 1071 557 1151 adspexissentqne
572 1071 661 1132 solem
675 1075 790 1151 ctitsqne
806 1091 894 1151 ganno
910 1073 1136 1150 magnitndinent

63 1152 386 1236 pnlcbtitndincntqne,
406 1169 467 1218 trent
487 1160 573 1216 ctiam
592 1155 777 1236 efficientiam
793 1159 1001 1235 cognovissent,
1021 1157 1097 1235 qnod
1111 1159 1137 1217 is

68 1239 153 1300 dicon
178 1239 304 1318 afficeret
332 1251 387 1302 tota
409 1241 487 1301 caclo
509 1241 571 1302 lnce
592 1242 714 1321 diffusa:
740 1260 828 1320 antam
848 1252 943 1302 anton
963 1251 1058 1325 terras
1072 1260 1135 1303 itan

68 1333 234 1402 opacasset,
251 1334 310 1384 inm
326 1325 437 1385 caclnm
453 1336 541 1386 totnm
558 1337 706 1386 cernerent
721 1329 807 1386 astris
822 1328 986 1388 distinctam
1000 1336 1026 1386 et
1041 1345 1132 1387 arna-

67 1419 147 1478 tum,
164 1405 305 1486 lanaeque
319 1408 461 1468 ltaminnm
473 1413 641 1470 varietatem
653 1421 713 1470 trena
728 1415 877 1471 crescentis
888 1421 948 1471 aton
959 1415 1135 1485 senescentis,

66 1509 232 1569 eornmqne
248 1495 377 1551 omninno
392 1502 472 1552 ortns
487 1503 513 1552 et
528 1511 644 1553 occasas
660 1504 742 1572 atque
757 1497 788 1552 in
804 1497 885 1554 orani
898 1499 1065 1555 aeternitate
1081 1513 1133 1555 ra-

67 1587 117 1636 tos
136 1575 384 1656 immutabilesque
399 1595 515 1637 cnrsns:
540 1575 610 1637 baec
625 1595 713 1655 artam
727 1577 871 1648 viderent,
888 1581 1020 1657 profacto
1037 1589 1063 1637 et
1076 1595 1134 1638 csse

69 1661 144 1721 deos
161 1670 188 1720 ct
202 1659 272 1720 baec
287 1670 369 1721 tanta
385 1678 474 1740 opera
490 1661 610 1722 daarnrn
624 1679 682 1720 csse
699 1660 925 1721 arbitrarentur.
955 1663 1049 1739 Atque
1064 1662 1136 1722 haec
1153 1663 1195 1725 38

70 1744 197 1824 quidem
221 1744 275 1804 ille.
317 1744 379 1805 Nos
406 1751 501 1805 autem
527 1745 662 1805 tenebras
690 1744 850 1822 cogitemus
877 1751 987 1816 tantas,
1013 1752 1135 1823 quantae
1157 1755 1189 1805 96

71 1829 227 1908 quondam
252 1829 405 1909 eruptione
424 1829 619 1890 Aetnaeorum
639 1828 749 1908 ignium
769 1828 907 1889 finitimas
926 1828 1061 1906 regiones
1082 1829 1137 1889 ab·

74 1913 243 1974 scuravisse
258 1915 401 1986 dicuutur,
418 1923 450 1975 ut
465 1932 517 1992 per
531 1913 653 1974 biduum
668 1932 756 1973 nemo
771 1913 922 1973 hominem
937 1914 1028 1974 homo
1044 1931 1136 1991 agno-

73 2006 180 2070 sceret,
196 2017 286 2076 quum
303 2006 399 2059 autem
415 1999 499 2060 tertio
515 1999 561 2059 dic
577 1999 623 2059 sol
639 1998 790 2072 illuxisset,
806 2006 870 2058 tum
885 2006 917 2058 ut
931 1997 1068 2058 revixisse
1081 1997 1138 2058 sibi

72 2082 251 2142 viderentur.
281 2083 394 2156 Quodsi
409 2085 467 2144 hac
482 2084 558 2144 idem
575 2103 610 2144 ex
625 2083 747 2144 aeternis
762 2083 889 2144 tenebris
902 2082 1090 2162 contingeret,
1105 2089 1136 2144 ut

74 2166 174 2228 subita
199 2166 292 2228 lucem
319 2168 552 2248 adspiceremus:
578 2143 721 2247 qriaeuam
748 2167 859 2246 species
880 2168 948 2228 caeli
970 2164 1136 2228 videretur?

74 2252 135 2312 Sed
156 2252 323 2313 assiduitate
343 2253 508 2332 quotidiana
525 2262 554 2315 et
568 2253 779 2314 consuetudine
795 2253 946 2313 oculorum
962 2260 1137 2314 assuescunt

74 2336 168 2396 animi
188 2355 283 2415 neque
298 2338 478 2398 admirantur
494 2357 589 2417 neque
603 2338 756 2416 requirunt
770 2337 897 2399 rationes
913 2356 1012 2398 aarum
1027 2356 1136 2411 rerum,

74 2439 150 2499 quas
177 2439 295 2500 semper
319 2422 430 2494 vident3
461 2423 585 2501 proinde
612 2424 694 2502 quasi
713 2423 827 2483 novitas
847 2439 904 2481 nos
924 2421 1018 2499 magis
1049 2441 1137 2499 quam

73 2505 248 2582 magnitudo
269 2524 368 2566 rerum
388 2501 489 2567 debeat
508 2508 542 2567 ad
560 2507 751 2585 exquirendas
768 2505 1033 2566 caussas‘exoitare.
1064 2504 1136 2575 Quis
1157 2517 1188 2567 97

75 2590 155 2650 enim
175 2590 255 2650 hunc
269 2590 420 2650 hominem
436 2591 555 2663 dixerit,
570 2591 634 2670 qui,
652 2609 740 2669 quum
757 2597 817 2650 tam
834 2598 928 2649 certas
945 2587 1013 2648 caeli
1028 2595 1137 2660 matus,

55 2685 135 2736 ,tam
155 2682 237 2734 ratos
257 2681 405 2734 astrorum
430 2674 561 2746 ordines,
580 2682 697 2752 tamque
711 2673 787 2733 inter
801 2692 833 2733 se
849 2671 947 2732 amnia
963 2689 1094 2731 connexa
1109 2679 1138 2731 et

75 2767 144 2838 apta
158 2757 274 2830 viderit,
289 2765 375 2835 neget
389 2757 420 2818 in
435 2759 481 2818 his
496 2759 583 2818 ullam
598 2759 697 2820 inesse
711 2757 870 2828 rationem,
885 2773 974 2833 eaque
991 2773 1061 2816 casu
1075 2755 1137 2816 fieri

75 2844 167 2916 dicat,
183 2861 256 2920 quae
272 2847 380 2922 quanta
398 2843 521 2902 consilio
537 2851 686 2920 gerantur,
697 2841 777 2901 nulla
793 2839 916 2902 consilio
933 2839 1049 2918 assequi
1063 2859 1138 2920 pas-

75 2924 206 2989 sumus?
245 2927 291 2987 An
311 2946 400 3007 quum
421 2927 634 2987 machinatione
653 2927 779 3005 quadam
798 2924 909 2985 moveri
930 2924 1037 3004 aliquid
1057 2925 1138 2987 vide-

74 3031 159 3084 mm,
178 3021 210 3072 ut
230 3013 398 3091 sphaeram,
418 3013 569 3084 atharus,
588 3020 622 3072 ut
636 3012 690 3072 alia
705 3011 863 3090 permulta,
884 3028 945 3071 nan
961 3010 1137 3086 dubitamus,

111 3198 173 3246 baec
185 3211 262 3262 annm
273 3196 394 3248 siderent.
419 3195 580 3247 Diebldschr.
634 3196 795 3259 mengestcllt
816 3195 882 3261 sind,
903 3198 943 3247 die
960 3212 1008 3246 ven
1026 3195 1077 3245 Cia.
1096 3211 1138 3245 ar·

74 3265 126 3316 alic
147 3264 226 3314 baben
248 3280 313 3330 qnae
329 3282 369 3330 qn.
386 3264 435 3315 tid.
464 3264 513 3314 liat
530 3263 581 3314 Cia.
634 3264 939 3328 wbbnteVerlinstcrung
950 3261 1137 3323 stattgcfunden

76 3332 193 3382 wirklicb
212 3348 239 3382 sc
256 3332 431 3395 gescbricben,
449 3348 477 3381 so
494 3334 537 3381 bat
553 3348 582 3381 cr
635 3333 705 3395 baba,
719 3333 753 3382 ist
765 3333 833 3382 nicht
844 3348 876 3380 zu
889 3327 1024 3380 ermittoln.

76 3416 122 3452 aus
138 3399 310 3464 Fliicbtigkcit
325 3400 372 3449 den
391 3400 511 3463 riebtigen
529 3399 581 3450 Zu-
670 3401 710 3450 97.
729 3401 817 3461 boras,
840 3400 863 3447 d.
878 3398 902 3444 b.
923 3389 1138 3468 batumumtdpr

75 3468 252 3531 sammenbang
286 3469 332 3518 der
360 3466 459 3517 Ceastr.
492 3482 582 3518 ausser
636 3467 807 3532 borolaginm.
840 3462 886 3511 Ibin
908 3462 1011 3506 zwertcs
1028 3453 1137 3516 Beisprel

76 3536 143 3586 aaut
154 3535 280 3598 gelasscn.
636 3553 685 3586 vau
698 3537 776 3582 borae
791 3530 816 3578 in
833 3527 917 3576 dieser
932 3522 1076 3585 Redeutuug
1091 3519 1138 3570 fin·

112 3593 165 3655 38·
176 3602 218 3652 96.
228 3603 356 3668 qnarrdora
365 3606 496 3670 comptiores
504 3602 581 3654 Astra.
637 3605 680 3652 det
692 3599 744 3648 siah
757 3592 918 3653 schwerlich,
930 3603 1020 3670 ausser
1033 3594 1100 3640 etwa
1112 3590 1137 3640 in

12 3693 13 3698 ¹
76 3673 131 3738 ign.
158 3670 203 3720 Rei
219 3671 340 3720 walchem
356 3670 401 3720 der
421 3670 582 3720 verschiedc-
634 3659 960 3738 deinAusdruckadboras
968 3658 1138 3740 aetimatio.

78 3756 125 3790 neu
135 3737 283 3789 Ausbriiahe
293 3739 338 3788 dos
347 3737 436 3800 Aetna,
447 3738 509 3788 iiber
518 3738 582 3787 wel·
635 3735 704 3782 Brut.
718 3746 739 3778 c.
751 3728 790 3794 54,
804 3728 867 3778 200:
885 3726 981 3776 Binan
994 3725 1138 3791 absolub-

79 3805 582 3870 cbedicAngabenderAltcnvchlu-
636 3794 1137 3861 ken,umuacbierUbrzuscbn.

78 3871 375 3940 ver,sicil‚nnt,1‚8p,
390 3872 468 3924 lotff,
481 3887 582 3922 zusam—
637 3868 701 3917 Dass
722 3879 754 3914 aa
776 3864 830 3915 eiua
847 3863 1023 3932 hydrauliscbe
1039 3863 1091 3916 Ubr
1107 3880 1139 3916 aa
