2612 4328
402 259 462 310 Llll.
476 259 516 311 lll.
544 260 668 316 CAP.1A.
684 265 722 316 15.
739 262 779 316 16.

1053 267 1117 329 209

57 433 137 476 mur:
153 421 181 474 at
193 413 352 473 obscurum
364 412 420 473 dee
432 412 503 472 nihil
514 420 613 493 petest
623 435 698 477 esse.
724 418 799 478 Nam
811 417 928 489 iustitia,
945 435 1018 496 quae
1030 436 1118 478 suum

57 500 161 578 cuique
176 497 332 569 distribuit,
349 497 418 574 quid
434 499 560 575 pertinet
573 500 610 559 ad
624 498 723 560 dees?
748 501 911 562 Hominum
928 503 1006 562 enim
1022 501 1118 562 secie-

58 593 100 645 tas
116 591 144 644 et
160 581 368 653 communitas,
391 589 423 642 ut
437 600 489 641 ves
505 583 615 658 dicitis,
635 585 773 645 iustitiam
790 585 961 663 procreavit.
992 586 1118 665 Tempe-

58 667 149 728 rantia
169 675 264 727 autem
289 674 403 726 constat
423 685 457 724 ex
476 669 740 744 praetermittendis
760 667 956 748 voluptatibus
974 671 1118 748 emperie,

58 753 104 812 cui
120 751 145 811 si
160 752 243 813 locus
260 749 290 808 in
307 750 384 810 caelo
401 759 454 821 est,
471 752 617 813 estetiam
629 753 838 833 voluptatibus.
864 753 938 812 Nam
951 754 1035 813 tertis
1047 755 1119 814 deus

57 835 177 912 intelligi
197 837 247 914 qul
266 831 387 912 potest?
414 834 588 896 indolere?
613 855 650 898 an
670 839 700 897 in
720 835 842 898 labere?
862 855 898 897 an
917 837 948 896 in
967 835 1119 916 periculo?

57 938 185 998 querum
200 920 288 979 deum
305 918 377 982 nihil
392 919 513 998 attingit.
544 921 605 982 Nec
619 923 732 983 ratione
746 922 834 1000 igitur
847 928 977 982 utentem
992 940 1047 982 nec
1061 921 1120 982 vir·
1140 932 1173 982 39

57 1008 118 1064 tute
133 1003 189 1064 ulla
209 1002 374 1081 praeditum
387 1003 483 1064 'deum
504 1005 661 1084 intelligere
682 1011 733 1085 qul
749 1003 940 1086 pessumus?
970 1006 1031 1066 Nec
1051 1025 1119 1066 vero

55 1087 132 1165 vulgi
153 1095 238 1166 atque
258 1087 465 1166 imperitorum
487 1089 631 1152 inscitiam
651 1070 801 1170 des'picere
822 1108 961 1170 pessum,
982 1109 1073 1168 qrrum
1089 1108 1121 1151 ea

57 1172 231 1244 considere,
248 1191 320 1251 quae
336 1172 472 1234 dicuntur
487 1193 502 1234 a
519 1175 641 1236 Stoicis:
662 1185 731 1237 sunt
746 1176 823 1236 enim
840 1175 885 1235 illa
900 1175 1120 1253 imperitorum:

54 1257 169 1335 piscem
191 1257 256 1336 Syri
282 1265 469 1331 venerantum
497 1278 585 1320 omne
611 1262 670 1321 lere
696 1277 788 1339 genus
810 1259 970 1320 bestiarum
990 1258 1122 1337 Aegyptii

55 1347 317 1401 consecraverunt:
333 1342 391 1400 iam
407 1361 475 1401 vere
491 1343 520 1402 iu
534 1345 651 1404 Graecia
666 1346 774 1404 multos
787 1344 895 1405 habent
906 1363 940 1402 ex
951 1343 1121 1404 hominibus

54 1426 147 1485 deos:
169 1423 349 1484 Alabandum
365 1424 537 1498 AlabandiS,
554 1429 675 1487 Tenedii
690 1429 814 1501 Tenem3
829 1428 1033 1498 letrcotheam,
1050 1445 1122 1505 quae

55 1509 109 1569 luit
130 1507 198 1579 lne,
220 1507 329 1568 eteius
350 1507 557 1569 Palaemonem
577 1511 668 1570 filium
689 1521 791 1571 cuncta
807 1512 938 1582 Graecia,
958 1510 1123 1584 Herculem,

56 1591 279 1670 Aesculapium,
298 1592 492 1669 ¹Tyndaridem
512 1593 786 1660 Remulumnestri
801 1595 929 1672 aliosque
946 1594 1122 1672 complureS,

58 1695 135 1756 ques
157 1676 239 1753 quasi
258 1693 352 1735 noves
372 1684 401 1734 et
421 1677 623 1756 adscripticios
644 1679 721 1738 cives
741 1679 770 1738 10
788 1680 898 1738 caelum
913 1688 1049 1755 receptes
1064 1697 1121 1756 pu·

58 1769 130 1821 tant.
167 1759 245 1819 Haec
264 1759 352 1836 igitur
371 1760 491 1821 indocti.
527 1761 603 1834 Quid
622 1781 675 1822 ves
696 1748 895 1840 philesophi?
909 1765 959 1840 qul
980 1759 1122 1822 meliora?
1141 1761 1181 1822 1t

59 1844 173 1904 Omitte
198 1839 258 1914 illa,
285 1850 354 1902 sunt
374 1843 451 1904 euim
473 1847 634 1924 praedare:
656 1847 694 1906 sit
714 1865 786 1906 sane
805 1846 877 1906 deus
898 1846 962 1925 ipsc
982 1847 1121 1907 mundus.
1144 1854 1176 1905 40

59 1929 123 1989 Ηο0
139 1928 226 1994 erede
242 1927 311 1987 illud
327 1946 392 1987 esse

94 2130 137 2179 39.
153 2132 250 2195 piscem
261 2127 325 2196 Syri
334 2134 497 2180 veneantur.
519 2131 565 2180 llie

61 2198 173 2248 llerkete
190 2198 251 2246 eder
263 2196 405 2260 Atargatis,
427 2198 483 2246 eine
499 2198 566 2247 milt-

60 2264 167 2314 terlicbe
178 2263 351 2326 Naturgb'ttin.
362 2265 415 2323 ,Sia
428 2266 514 2314 werde
527 2265 565 2313 10-

61 2333 154 2382 dassen
179 2332 246 2381 nieht
267 2346 330 2394 ganz
351 2332 376 2380 iu
396 2331 567 2395 Fischgestalt

61 2399 187 2463 gebiltlet,
208 2400 316 2448 sendern
338 2399 386 2448 wie
408 2399 480 2448 Diod.
498 2399 532 2462 11,
549 2399 566 2448 4

62 2473 131 2530 sagt,
150 2460 251 2534 τὸμὲν
269 2459 427 2530 πρόσωπον
445 2465 500 2532 ἔχει
516 2483 566 2532 γυ-

62 2527 175 2592 ναικὸς,
206 2527 236 2582 τὸ
262 2527 285 2582 d'
309 2527 376 2583 litto
402 2535 484 2603 σῶμα
508 2535 567 2582 πᾶν

63 2594 172 2666 ἰχθύος.
191 2600 252 2650 eder
273 2603 333 2652 nach
350 2600 452 2650 Lucina.
475 2603 505 2650 de
521 2602 568 2649 dea

62 2669 121 2734 Syr.
137 2683 159 2716 o.
175 2667 216 2716 tt:
241 2662 341 2734 ἡμισέη
362 2667 415 2735 μὲν
434 2663 515 2734 γυνὴ,
536 2659 568 2716 ab

64 2734 94 2786 dt
118 2727 224 2784 ὁκόσον
250 2735 279 2785 ἐκ
303 2737 401 2805 μηρῶν
422 2735 449 2791 ἐς
468 2727 570 2802 ἄκρους

65 2797 159 2856 πόδας
171 2799 278 2868 ἰχθύος.
299 2803 368 2853 Aueb
381 2803 420 2852 die
429 2802 570 2852 Philistaei·

65 2872 123 2920 sche
136 2869 252 2919 Gettheit
261 2870 353 2935 Dagon
367 2872 436 2920 hatte
448 2871 570 2932 111001150-

64 2938 135 2998 stalt,
149 2937 210 2986 aber
221 2938 266 2986 mit
277 2937 347 3003 llepf
355 2939 403 2988 und
418 2939 520 2988 1110100
533 2936 570 2985 ci-

65 3021 109 3054 ues
128 3005 274 3054 Measchen.
309 3006 333 3055 S.
351 3006 441 3069 Starh,
459 3005 528 3055 Gaza
545 3003 571 3052 S.

99 3137 252 3189 Alabastrine
269 3141 318 3188 und
334 3138 414 3191 Tenes
431 3141 493 3190 eder
509 3137 573 3190 Ten-

65 3224 124 3266 nea,
147 3206 188 3256 die
209 3208 365 3272 mythischen
383 3209 502 3258 Oelistcu
524 3207 573 3255 001

67 3275 215 3340 Epenyrnen
233 3291 282 3322 ven
296 3275 425 3325 Alabanda
443 3277 465 3324 in
479 3273 573 3324 liurien

45 3349 51 3359 ¹
66 3343 116 3390 und
130 3343 176 3390 der
189 3340 254 3390 lasci
267 3341 383 3392 Tenedus
396 3359 427 3392 an
444 3344 490 3407 der
501 3341 574 3390 ’1001-

68 3411 144 3458 schen
165 3406 258 3473 libate,
283 3411 387 3460 werden
411 3411 450 3460 als
475 3409 575 3458 Hereen

68 3477 180 3524 verehrt.
222 3477 363 3528 Alabandis
389 3479 442 3540 (ed.
461 3477 575 3526 Alebae-

69 3543 153 3608 deir),
175 3543 214 3592 die
236 3546 391 3606 griecbiscbc
408 3539 575 3594 110003410-

68 3611 189 3675 patal'eIc.
213 3611 271 3674 Vgl.
283 3612 419 3662 Schneider
430 3612 576 3662 Ferrnlehrc

71 3695 94 3742 p.
113 3677 363 3730 eenamcenam
386 3698 418 3730 zu
434 3681 535 3730 Lucret.
554 3693 576 3742 p.

70 3746 130 3794 281.
166 3745 519 3814 Unteec.,1ll,5llhat0.d.
534 3745 576 3794 lat

71 3811 148 3862 Fortu
160 3814 362 3865 Alabandenses.

105 3879 290 3949 Leucotheam,
311 3899 375 3950 patae
388 3885 451 3948 snit
465 3882 511 3932 Iao
532 3884 577 3930 etc.

129 3959 175 4007 eie.
188 3961 273 4005 denar.
281 3962 344 4006 deor.
358 3959 380 4008 2.
391 3961 449 4008 Aul.

619 2131 703 2182 Ueber
715 2131 754 2180 die
767 2129 846 2180 Fahel
863 2129 927 2179 kann
944 2145 1000 2180 man
1014 2131 1066 2180 sich
1077 2145 1123 2180 aus

619 2197 746 2263 lllepler's
770 2199 820 2246 und
840 2195 947 2247 lecebi's
972 2198 1123 2264 mythologi-

620 2268 694 2316 schcn
703 2264 1053 2315 Wlirterbiicherubelehren.
1064 2266 1125 2315 llier

621 2349 677 2396 mag
690 2349 737 2382 uur
749 2333 788 2382 die
802 2333 957 2395 Bemerlruag
970 2334 1070 2395 stehen,
1084 2333 1124 2382 die

621 2417 670 2450 ven
684 2402 729 2449 der
740 2399 783 2448 lno
800 2401 850 2448 und
863 2401 944 2448 viclen
957 2401 1067 2448 anderen
1080 2415 1124 2448 en-

620 2460 1059 2530 gchlichverglittertensterblichen
1071 2465 1124 2530 gilt,

622 2537 679 2584 dass
693 2535 730 2582 sie
743 2532 847 2581 n'ainrlich
858 2531 1033 2596 urspriinglloh
1046 2533 1070 2579 10
1081 2533 1126 2580 der

623 2601 688 2650 That
713 2599 804 2650 Giittcr
827 2615 929 2659 waren,
954 2599 1016 2646 aber
1039 2599 1126 2664 spiiter

623 2669 698 2717 durch
721 2666 876 2728 Undeutuog
896 2666 946 2713 und
963 2664 1127 2726 Umdicbtung

622 2734 803 2786 verdunkelter
812 2734 860 2782 001
871 2734 894 2781 10
905 2733 950 2781 den
957 2731 1128 2794 Hintcrgrund

623 2803 777 2866 gedrdngtec
811 2798 1036 2862 Religienslermeu
1071 2814 1128 2848 zum

624 2870 710 2932 hange
728 2872 902 2931 vergb'tterter
918 2867 1018 2916 Hereen
1039 2865 1128 2916 herab-

625 2943 725 3002 gesctat
737 2937 847 2985 wurdeu.

663 3061 714 3122 16.
737 3071 777 3121 te.
804 3071 898 3122 Omitto
914 3071 971 3120 illa.-
990 3072 1131 3121 centanam

659 3140 768 3190 nectara.
804 3139 861 3205 „leh
876 3141 1000 3201 schweige
1014 3154 1062 3188 ven
1076 3139 1131 3186 dem

626 3248 636 3258 .
651 3209 753 3258 iichsten
777 3208 896 3269 (ndrnlich
918 3208 976 3255 dass
997 3207 1036 3254 dic
1059 3205 1132 3253 Welt

628 3277 689 3326 eder
710 3276 755 3324 der
777 3275 879 3324 lllrnrnel
898 3273 959 3322 Gett
979 3275 1044 3333 seit,
1066 3273 1131 3318 denn

628 3344 673 3392 das
686 3343 719 3392 ist
732 3345 791 3391 sehr
803 3339 959 3390 0011οϋ1-
980 3353 1053 3386 wenn
1069 3337 1132 3385 auch

629 3409 726 3459 lrcilich
738 3404 1131 3464 0101110011,011001011081000

630 3479 673 3526 des
687 3475 866 3526 Ahademihcrs
879 3472 1050 3521 hinandenlrcn
1064 3469 1132 3518 uniis-

631 3561 688 3606 sen,
711 3557 738 3590 se
756 3543 813 3589 dass
832 3542 855 3588 10
870 3541 923 3588 dem
937 3539 1004 3588 Lnbe
1018 3539 1079 3586 doch
1093 3545 1133 3586 et-

631 3627 682 3660 was
695 3625 743 3658 ven
754 3608 835 3656 lronie
850 3609 917 3670 liegt,
930 3623 982 3655 was
994 3607 1054 3655 noch
1065 3607 1135 3654 mehr

632 3681 808 3727 hervertretcn
822 3676 916 3734 wiirdc,
931 3674 1082 3723 wennCetta
1092 3689 1135 3734 ge-

631 3752 688 3808 sagt
709 3745 792 3792 hatte:
817 3744 968 3792 sibialiam
989 3741 1135 3809 praeclara:

632 3812 835 3875 „meinata-egen
859 3825 915 3873 meg
938 3827 966 3859 es
990 3812 1053 3860 auch
1077 3809 1135 3856 sehr

632 3881 708 3928 schbn
721 3879 801 3928 seia.“

904 3961 935 4013 14
