2612 4328
176 221 239 284 234
345 293 348 306 Ι
527 217 573 270 oe
589 212 728 270 aarum
746 214 885 268 ononuu

175 372 305 453 luppiter
320 357 440 433 fulmine
454 369 615 450 percussit,
634 385 691 430 nec
704 368 893 449 Aesculapius
911 369 1021 430 misero
1040 369 1239 452 diuturnoque

175 457 282 520 morbo
297 456 493 530 tabescentem
513 453 671 526 interemit,
694 461 780 532 atque
799 453 829 514 iu
851 471 906 514 suo
925 454 1029 516 lectulo
1049 463 1194 518 mortuus
1214 466 1239 518 et

145 593 149 600 ι
174 540 336 620 impunitus
350 559 423 618 rogo
443 541 540 602 illatus
561 547 618 611 ost,
641 557 763 618 eamque
777 537 971 616 potestatem,
994 557 1083 618 quam
1102 541 1171 621 ipse
1191 562 1239 620 per

176 625 270 686 scelus
285 632 347 686 erat
361 632 473 699 nactus,
488 624 571 703 quasi
586 623 692 684 iustam
707 631 736 684 et
750 623 906 702 legitimam
918 623 1084 686 hereditatis
1097 626 1169 688 loco
1182 627 1237 688 lilio

122 721 153 772 85
175 709 300 770 tradidit.
311 732 318 742 ·
330 709 421 770 Invita
435 709 466 770 in
481 708 619 770 hocloco
635 716 767 768 versatur
781 708 890 768 oratio:
911 709 1025 770 videtur
1039 709 1121 770 enim
1137 721 1237 772 aueto-

173 795 288 856 ritatem
304 795 406 856 afferre
420 792 574 872 peccandi3
596 799 625 852 et
638 801 716 852 recte
731 792 890 864 videretur,
905 793 963 854 nisi
978 801 1009 854 et
1020 793 1138 855 virtutis
1155 803 1185 856 et
1198 796 1237 856 ai-

174 879 283 940 tiorum
299 879 362 940 sine
377 878 434 938 ulla
449 878 544 938 divina
563 877 676 938 ratione
698 895 783 954 grave
799 876 892 955 ipsius
907 878 1104 938 conscientiae
1119 881 1236 958 pondus

174 971 264 1036 esset,
285 982 342 1042 qua
361 962 473 1026 sublata
494 963 587 1022 iacent
605 961 714 1023 omnia.
746 962 784 1022 Ut
802 961 881 1022 enim
899 959 1077 1042 nec'domus
1097 982 1156 1026 nec
1176 983 1236 1026 res·

174 1047 289 1126 publica
307 1049 421 1109 ratione
436 1047 561 1126 quadam
576 1053 604 1106 et
619 1045 771 1124 disciplina
787 1045 934 1124 designata
949 1047 1092 1120 videatur,
1116 1049 1143 1108 si
1163 1048 1195 1110 in
1208 1069 1237 1110 ea

174 1150 228 1193 uec
242 1139 320 1192 recte
338 1132 421 1192 factis
441 1131 569 1208 praemia
588 1138 702 1191 exstent
721 1130 777 1191 ulla
797 1148 852 1190 nec
874 1131 1014 1210 supplicia
1034 1133 1179 1210 peccatis:
1199 1133 1236 1194 sic

174 1217 277 1278 mundi
292 1217 387 1276 diviua
402 1215 432 1275 in
447 1215 582 1276 homines
604 1215 768 1276 moderatio
788 1215 921 1294 prolecto
940 1217 1018 1276 nulla
1037 1223 1094 1290 est,
1118 1217 1192 1278 siin
1206 1238 1235 1278 ea

175 1299 334 1360 discrimen
348 1299 460 1360 nullum
475 1306 521 1358 est
535 1297 684 1359 bonorum
699 1307 727 1359 et
741 1299 895 1360 malorum.

123 1389 155 1440 86
262 1385 297 1444 At
311 1384 389 1444 enim
404 1383 520 1443 minora
536 1383 575 1444 dii
588 1382 746 1462 negligunt,
761 1401 855 1462 neque
866 1383 973 1461 agellos
985 1383 1174 1462 singulorum
1185 1403 1235 1446 nec

175 1466 305 1529 viticulas
318 1476 544 1547 persequuntur,
559 1486 621 1539 uec,
636 1468 662 1528 si
674 1469 763 1529 oredo
776 1475 826 1528 aut
837 1468 948 1546 grando
960 1469 1114 1548 quippiam
1126 1472 1233 1544 nocant,

85 1557 93 1578 ⁸
175 1551 203 1612 id
219 1551 279 1614 lovi
294 1552 582 1613 animadvertendum
597 1553 665 1626 luit;
684 1570 721 1613 ne
740 1553 770 1612 in
789 1553 887 1630 regnis
904 1552 1022 1631 quidem
1037 1571 1123 1632 reges
1140 1555 1235 1616 omnia

175 1636 295 1697 minima
311 1645 427 1698 curant:
448 1637 491 1698 sic
505 1637 582 1697 enim
599 1636 709 1710 dicitis;
729 1637 811 1716 quasi
833 1655 886 1714 ego
902 1637 998 1716 paullo
1013 1647 1080 1698 ante
1095 1639 1134 1700 de
1148 1640 1235 1701 fundo

117 1715 158 1778 tt
175 1721 333 1782 Formiano
349 1722 381 1781 P.
393 1720 492 1782 Rutilii
511 1721 567 1782 sim
588 1731 724 1799 questus,
746 1739 810 1783 non
829 1723 865 1782 de
884 1721 992 1782 amissa
1011 1724 1114 1784 salute.
1146 1725 1235 1803 Atque

175 1807 234 1868 hoc
247 1806 366 1884 quidem
382 1824 485 1869 omues
501 1807 638 1868 mortales
655 1806 698 1868 sic
712 1807 831 1879 habeut,
854 1813 986 1866 externas
1001 1809 1234 1879 commoditates,

175 1890 286 1964 vineta,
303 1899 427 1969 segetes,
444 1891 559 1966 oliveta,
576 1891 738 1952 ubertatem
753 1892 870 1968 frugum
886 1898 914 1950 et
929 1892 1092 1966 lructuum,
1118 1911 1235 1954 omnem

175 1975 299 2054 denique
314 1977 552 2037 commoditatem
568 1975 857 2054 prosperitatemque
875 1975 948 2036 vitae
964 1995 979 2036 a
996 1975 1051 2038 diis
1069 1995 1102 2038 se
1117 1977 1234 2047 habere3

122 2065 152 2115 87
174 2059 309 2120 virtutem
326 2070 424 2122 autem
441 2079 529 2121 nemo
549 2079 690 2140 umquam
710 2067 858 2139 acceptam
874 2061 930 2120 deo
953 2061 1059 2122 rettulit.
1091 2062 1234 2122 Nimirum

210 2214 263 2275 35.
282 2225 322 2276 84.
341 2231 367 2276 et
381 2229 524 2293 impunitos
540 2242 606 2292 rogo
622 2228 677 2278 illa-
732 2226 1233 2292 1131161111113111111111Αιιοιάιιιιιιζίς

176 2297 218 2344 tus
230 2297 277 2342 eat.
299 2292 383 2342 Sowic
396 2309 425 2342 cr
438 2295 468 2342 im
481 2293 565 2343 Leben
577 2298 677 2345 stralloa
731 2297 780 2345 wie
793 2296 873 2359 gleicla
886 2303 962 2345 unten
975 2299 1077 2345 rodone
1088 2301 1116 2346 et
1126 2297 1234 2364 discipli-

175 2361 250 2422 ltlieb,
263 2363 325 2410 auch
335 2359 450 2410 seinTod
460 2362 498 2410 als
509 2361 581 2411 keine
593 2361 677 2412 Strafe
731 2379 772 2428 aa,
786 2361 1107 2427 verniiultigellnordnung
1117 2365 1234 2416 uudVer-

175 2429 317 2478 nnznaelren
337 2443 403 2489 war,
429 2445 456 2478 ao
478 2429 545 2480 blieb
566 2446 595 2479 er
615 2431 677 2480 euclr
706 2432 720 2442 “’
731 2430 957 2494 lassung.-Den
967 2430 1114 2492 Gedanlren,
1129 2433 1188 2482 dass
1198 2433 1234 2481 die

174 2495 279 2547 stralloa
291 2497 329 2546 bis
342 2513 399 2546 zum
409 2496 626 2562 Scleiterhaulen,
637 2497 677 2548 in·
733 2498 835 2548 Stimme
852 2498 897 2548 des
910 2498 1055 2549 Gewissens
1074 2499 1160 2550 selbst
1176 2500 1235 2550 eben

174 2566 229 2614 dem
246 2565 333 2614 weder
350 2565 403 2614 sein
419 2564 553 2616 Leichnam
571 2567 677 2630 gemiss·
732 2567 813 2615 nichts
826 2566 916 2615 andero
933 2566 970 2615 als
983 2567 1039 2616 eine
1053 2565 1184 2631 Wirkung
1195 2569 1236 2616 der

174 2632 277 2682 hondelt
294 2633 355 2682 noch
374 2633 423 2682 ihm
439 2633 479 2682 dic
491 2633 559 2683 Ehre
572 2634 618 2683 der
629 2635 678 2683 Be·
733 2632 897 2683 dissecratio
911 2633 960 2696 sei,
978 2633 1032 2683 hiilt
1043 2634 1090 2683 der
1103 2633 1235 2684 Alrademi·

175 2705 290 2762 stattung
309 2708 413 2763 versegt
432 2701 531 2762 warde,
552 2701 601 2751 wie
620 2716 679 2752 man
732 2701 789 2764 ker,
815 2701 896 2750 scices
921 2701 1091 2766 polemisclren
1112 2701 1235 2754 Zweckes

175 2774 248 2817 sonst
268 2767 335 2816 wohl
353 2766 512 2830 Verbreqher
531 2770 595 2818 euch
616 2771 678 2819 nacla
731 2783 832 2830 weges,
845 2768 990 2818 nbaichtlicla
1003 2768 1071 2830 lere,
1091 2784 1120 2818 so
1135 2772 1199 2820 ualle
1210 2785 1236 2820 er

174 2835 229 2884 dem
243 2834 312 2884 Tode
330 2836 469 2885 australen
483 2839 584 2901 pllegte.
609 2837 677 2886 Doclr
731 2836 1120 2898 auclrliegtundsowenigdie
1136 2836 1236 2888 Weiss-

175 2902 208 2951 ist
230 2904 372 2970 impunitus
397 2919 443 2954 nur
464 2902 611 2966 Coniectum
637 2905 678 2956 die
732 2919 777 2953 reu
795 2911 870 2956 untet'
886 2903 933 2952 den
949 2903 1027 2954 Alton
1048 2904 1090 2954 ilrn
1112 2905 1236 2956 ver-kannt

174 2968 279 3018 Hdsclu.
300 2969 383 3019 bieten
404 2973 430 3020 ia
450 2966 615 3037 Tympanida'a
636 2987 679 3024 ro·
731 2970 819 3021 haben.

172 3049 239 3098 garn
251 3036 312 3084 oder
323 3051 401 3099 rogo:
415 3039 464 3086 und
477 3053 505 3086 es
517 3039 552 3088 ist
563 3040 676 3105 anglica,
765 3039 847 3088 iacent
860 3041 946 3090 omnia
956 3061 991 3080 =
1003 3041 1089 3090 mania
1101 3045 1235 3092 condunt.

175 3101 234 3148 dass
253 3098 392 3167 Tympaau's
409 3104 454 3151 der
469 3103 547 3154 Norae
564 3106 609 3153 des
627 3106 677 3156 Er·
731 3106 782 3156 Dos
796 3105 928 3156 Gewissen
940 3106 1029 3169 allein,
1042 3108 1097 3157 will
1110 3107 1187 3158 Cotta
1199 3123 1237 3158 aa·

174 3167 266 3218 baneas
284 3167 328 3216 des
350 3169 485 3218 kostbaren
503 3169 679 3222 Scheiterlrau·
732 3189 793 3237 gen,
809 3175 879 3236 giebt
895 3175 951 3224 dem
967 3173 1051 3224 Labeo
1069 3176 1159 3226 seineu
1173 3176 1236 3238 llalt,

174 3234 230 3286 leus
248 3251 379 3300 gewescn,
401 3235 447 3286 aul
461 3237 594 3300 walchem,
616 3242 678 3290 nacla
731 3241 800 3291 nieht
816 3243 855 3291 die
877 3243 997 3306 glittliclre
1016 3241 1235 3307 weltregierung.

173 3303 242 3354 nltcu
260 3303 430 3368 Zeuguiasen,
452 3305 524 3354 Dion.
541 3306 678 3358 verhrnnnt
729 3308 802 3364 ¹litum
821 3310 877 3360 eine
895 3311 980 3360 selcha
999 3311 1034 3360 isa
1046 3311 1115 3360 nieht
1128 3327 1236 3362 annuer-

172 3373 269 3423 wurde.
293 3371 514 3424 SoWelclrerllh.
525 3372 590 3424 Mus.
604 3373 635 3424 Ν.
646 3376 676 3426 F.
730 3375 841 3438 keoncn,
864 3379 894 3428 dn
911 3378 959 3428 wir
974 3379 1060 3428 weder
1076 3379 1119 3428 dio
1132 3379 1236 3444 Tngcnd

173 3438 208 3490 Vl
224 3456 247 3506 p.
261 3439 318 3490 399.
335 3467 370 3478 -
394 3441 444 3491 llas
462 3441 580 3505 vorhcrg.
599 3447 676 3509 atque
731 3443 834 3495 belohut
858 3447 919 3494 noch
944 3447 988 3496 das
1012 3445 1105 3496 Laeter
1128 3445 1237 3498 bestrall

173 3508 278 3558 vertritt
294 3509 335 3558 die
347 3508 428 3558 Stella
446 3510 518 3560 einer
534 3511 676 3562 adversati·
731 3514 816 3566 sehon.
841 3511 926 3576 Gegen
938 3514 1021 3564 dieses
1029 3513 1175 3578 argument
1186 3515 1235 3578 val.

173 3590 221 3625 ven
240 3575 417 3639 Conjunction:
439 3578 487 3628 wie
504 3577 553 3641 ol't,
574 3594 614 3628 wo
631 3579 676 3630 das
731 3597 755 3630 ιι.
777 3595 799 3630 n.
820 3580 893 3632 Plato
915 3580 1019 3648 Republ.
1041 3581 1075 3645 X,
1098 3581 1160 3633 612.
1179 3582 1234 3642 613,

173 3640 333 3694 Verhdltnisa
343 3631 584 3696 derGetlanienvon
595 3648 677 3699 selbot
730 3647 840 3714 Simplic.
851 3665 882 3698 zu
892 3649 993 3716 Epictet
1002 3666 1025 3716 p.
1033 3649 1081 3700 357
1094 3649 1234 3713 Schweiglr.

172 3708 230 3758 klnr
241 3710 287 3772 ist,
302 3711 357 3760 eine
370 3711 455 3762 blusso
469 3713 564 3778 Copula
576 3723 676 3779 gesetzt
729 3717 778 3765 und
792 3717 896 3766 Sallust.
911 3719 941 3767 de
955 3718 1009 3767 deis
1022 3724 1048 3770 et
1060 3719 1146 3769 mund.
1159 3736 1182 3770 o.
1198 3718 1234 3770 19.

172 3775 244 3825 wird.
333 3795 336 3807 .
764 3773 817 3834 36.
829 3783 870 3834 86.
888 3787 1009 3836 uirtutem
1019 3801 1094 3836 amno
1103 3803 1176 3854 onaq.
1186 3801 1234 3838 acc.

207 3841 248 3893 85.
258 3845 313 3893 siae
321 3845 373 3894 ullo
379 3847 463 3898 (61611
471 3851 582 3914 radone:
594 3853 674 3915 „olma
729 3850 776 3902 deo
785 3851 881 3902 111161.
898 3852 969 3904 Auclr
978 3854 1033 3904 hier
1042 3861 1101 3917 sept
1110 3855 1235 3907 aerm-
