2622 4326
450 197 511 250 nm.
524 198 544 250 r.
567 175 749 251 'carseolo

68 350 187 430 Epicuri
203 351 239 412 de
254 353 414 414 sanctitate.
441 352 763 414 Ludimurabhomine
774 371 836 414 non
847 361 907 416 tam
919 355 1021 430 laceto,
1037 373 1127 436 quam
1149 365 1198 418 12³
1272 379 1277 384 ·
1300 351 1301 354 ’

69 436 103 496 ad
120 435 266 498 scribendi
286 437 430 500 licentiam
450 438 550 499 libero.
581 439 662 511 Quae
681 437 761 499 enim
781 447 879 518 potest
898 458 963 502 esse
982 441 1130 516 sanctitas,

69 521 94 582 si
114 519 154 582 dii
173 522 301 607 humana
319 539 381 583 non
405 519 529 584 curant?
554 541 628 601 quae
646 529 745 583 autem
765 523 897 586 animans
918 534 1034 599 natura,
1056 526 1129 587 nihil

67 603 196 668 curans?
221 606 325 668 Verius
340 615 386 667 est
399 607 487 686 igitur
497 607 636 668 nimirum
647 606 727 678 illud,
743 608 821 686 quod
834 609 982 670 familiaris
995 612 1128 671 omnium
1225 677 1231 692 x

66 694 205 752 nostrinn
220 691 400 752 Posidonius
416 692 554 754 disseruit
568 693 599 752 in
613 692 688 753 libro
704 691 806 770 quinto
827 693 863 754 de
876 702 978 755 natura
994 694 1128 768 deorum,

65 777 162 837 nullos
178 795 243 837 esse
258 777 330 837 deos
344 777 471 857 Epicuro
487 777 589 851 videri,
604 795 736 856 quaeque
750 777 776 838 is
792 777 827 837 de
843 776 897 838 diis
913 777 1127 839 immortalibus
1158 807 1162 813 ⁸

10 919 15 925 .
66 861 183 935 dixerit,
202 862 325 923 invidiae
344 862 528 923 detestandae
543 861 634 941 gratia
649 862 771 923 dixisse:
791 880 886 941 neque
905 871 965 926 tam
980 862 1127 942 desipiens

66 947 185 1020 luisset,
205 954 238 1007 ut
252 947 423 1028 homunculi
438 947 565 1008 similem
585 947 672 1008 deum
688 947 823 1026 fingeret,
842 947 1025 1008 lineamentis
1041 948 1128 1008 dum-

65 1039 144 1095 taxat
159 1031 309 1104 extremm,
330 1049 391 1092 non
406 1032 506 1093 habitu
520 1032 628 1106 solido,
650 1031 791 1092 membris
811 1031 942 1092 hominis
964 1032 1129 1111 praeditum

65 1115 291 1190 omnibus‚·usu
305 1117 508 1186 membrorum
523 1135 560 1178 ne
575 1117 697 1179 nt'rnimo
714 1117 848 1196 quidem,
864 1116 967 1178 exilem
982 1116 1128 1196 quendam

65 1212 150 1281 atque
164 1201 360 1281 perlucidum,
380 1202 452 1263 nihil
468 1201 603 1281 cuiquam
618 1202 806 1274 tribuentem,
822 1201 895 1262 nihil
909 1201 1128 1280 gratificantem,

65 1287 186 1347 omnino
205 1286 279 1351 nihil
298 1294 461 1360 curantem,
487 1286 561 1347 nihil
585 1295 729 1365 agentem.
764 1288 845 1360 Quae
869 1293 973 1348 natura
997 1286 1132 1366 primum

64 1371 141 1432 nulla
157 1390 222 1430 esse
237 1377 348 1449 potest:
363 1370 450 1450 idque
464 1371 566 1438 videns
580 1371 726 1451 Epicurus
741 1389 773 1431 re
788 1371 875 1445 tollit,
892 1370 1024 1432 oratione
1039 1371 1127 1430 relin-

65 1455 127 1534 quit
143 1456 226 1514 deos.
255 1453 364 1513 Deinde
380 1454 405 1514 si
421 1454 544 1514 maxime
559 1454 623 1514 talis
639 1463 684 1514 est
699 1456 780 1528 deus,
795 1455 920 1516 utnulla
935 1455 1033 1532 gratia,
1048 1454 1126 1514 nulla
1149 1453 1197 1505 ¹24

64 1539 222 1600 bominum
242 1536 359 1598 caritate
377 1546 522 1610 teneatur,
534 1537 646 1599 ualeat:
668 1538 739 1616 quid
753 1539 832 1598 enim
853 1540 960 1612 dicam,
979 1538 1126 1618 propitius

63 1623 123 1684 sit?
159 1623 234 1684 Esse
254 1623 332 1684 enim
357 1621 502 1701 propitius
522 1629 622 1702 potest
644 1622 769 1696 nemini,
795 1624 947 1702 quoniam,
973 1629 1006 1682 ut
1025 1621 1127 1695 dicitis,

64 1709 163 1770 omnis
178 1708 209 1768 in
224 1706 419 1770 imbecillitate
434 1714 480 1768 est
495 1715 523 1768 et
538 1707 629 1786 gratia
643 1714 672 1766 et
686 1705 799 1767 caritas,
863 1761 865 1764 ,

99 1877 156 1927 123.
175 1876 314 1928 Ludimur:
327 1876 386 1926 weil
399 1891 427 1926 es
439 1877 488 1926 ihm
501 1876 569 1926 nicht
615 1875 714 1924 ,weiter
725 1889 757 1923 zu
767 1872 876 1924 scholion
885 1871 1059 1923 habenwolle.
1077 1869 1129 1922 lte-

64 1947 143 1996 Ernst
154 1945 231 1995 damit
242 1945 284 1995 ist.
308 1943 528 2010 Vgl.e.4tl,113.
600 1987 605 1996 ,
622 1943 794 1994 mundationis
810 1944 916 1993 verbum
936 1947 1015 1990 neont
1031 1955 1059 1988 es
1076 1939 1128 1989 llo-

95 2043 262 2095 Peruc·
287 2041 423 2106 81316-
623 2008 858 2146 ”blatta-l
878 2005 1127 2138 thietrich

98 2145 156 2196 124.
180 2145 284 2210 Valeat,
305 2147 355 2196 wie
373 2145 417 2195 Gr.
435 2145 567 2214 χαιρέτω,
622 2145 726 2197 Formel
742 2147 767 2196 in
783 2143 946 2208 Aurulungcn
964 2145 1009 2194 der
1026 2141 1126 2192 Gdtter.

59 2217 172 2282 χαίρειν
184 2207 312 2284 ἐάσωμεν
324 2207 421 2275 αὐτόν,
434 2213 568 2264 husdruck
611 2214 649 2268 ⁴Si
661 2214 773 2265 brisson.
786 2214 816 2263 de
829 2213 913 2265 Fortu.
929 2210 948 2275 l,
963 2210 1019 2261 184.
1043 2209 1128 2260 Daber

63 2283 107 2332 des
119 2281 250 2346 gemeinen
263 2282 375 2344 hebens,
388 2297 428 2331 um
440 2283 567 2332 aozudeu-
621 2283 684 2332 auch
696 2283 740 2332 das
752 2280 863 2333 Verbum
871 2283 1017 2350 propitiare
1027 2277 1089 2328 deos
1105 2291 1126 2327 1.

63 2357 118 2415 ten,
140 2351 200 2400 dass
220 2365 276 2400 man
296 2351 342 2401 mit
359 2349 463 2400 demand
484 2351 566 2400 nichts
621 2365 646 2400 v.
659 2351 697 2400 als
708 2350 818 2418 plocesc.
