2646 4334
167 252 207 316 53
520 244 873 302 neutrumnnonun

167 405 254 468 litatis
270 421 364 474 meae,
379 421 437 481 qua
452 409 548 480 meum
563 404 661 482 pautto
677 412 743 464 ante
757 403 800 464 uti
815 419 982 482 coeperam,
998 399 1082 480 plura
1097 401 1229 480 eomple-

170 498 242 550 otor.
280 487 445 548 Concedam
464 487 552 566 igitur
571 508 607 548 er
627 487 784 549 individuis
804 495 939 548 constare
959 485 1067 548 omnis
1098 485 1178 559 Quid
1193 487 1230 548 ed

117 583 149 635 os
168 570 254 636 rem?
275 571 397 632 deorum
412 572 490 634 enirn
506 579 609 634 natura
624 573 782 651 quaeritur.
812 572 878 632 Sint
892 589 962 632 sane
977 590 1012 632 ex
1027 570 1150 632 atomis:
1167 583 1230 634 non

168 657 256 737 igitur
269 656 389 718 aeterni.
420 659 507 730 Quod
519 658 598 718 enim
613 675 647 718 ex
662 657 778 728 atomis,
795 657 824 716 id
839 665 941 718 natum
955 655 1112 734 aliquando
1129 664 1189 717 est:
1205 655 1229 718 si

166 751 278 814 natum,
293 741 365 804 nulli
379 741 419 803 dii
434 754 502 804 ante
516 759 603 821 mam
621 742 695 803 nati:
716 753 745 803 et
755 741 780 803 si
794 751 876 804 ortus
887 749 933 802 est
944 740 1077 810 deornm,
1094 738 1228 802 interitus

168 827 208 888 sit
221 845 342 888 neeesse
358 837 417 900 est,
437 836 471 889 ut
485 837 517 889 tu
532 828 628 907 paullo
643 836 710 888 ante
726 828 761 888 de
776 825 907 888 Platonis
921 825 1033 887 mundo
1049 824 1228 904 disputabas.

168 912 224 974 Ubi
249 911 338 990 igitur
362 912 431 974 illud
458 920 586 974 vestrum
607 912 723 973 beatum
744 919 954 983 modernum,
982 909 1089 990 ortibus
1113 911 1229 974 duobus

169 996 265 1058 verbis
285 997 455 1076 significatis
474 995 584 1059 deum?
615 999 694 1076 quod
715 1017 806 1076 quum
821 997 936 1058 efficere
951 996 1051 1068 vultis,
1064 995 1096 1056 in
1112 995 1231 1058 dumeta

170 1082 336 1162 consopitis.
367 1083 408 1144 lta
423 1081 502 1142 enim
517 1081 643 1154 dioebas,
658 1099 720 1142 non
736 1101 844 1161 corpus
860 1099 926 1142 esse
941 1081 972 1141 in
1002 1081 1070 1150 deo,
1088 1081 1141 1142 sed
1157 1100 1228 1160 qua·

108 1167 151 1228 25
169 1167 194 1226 si
214 1185 338 1246 eorpus,
355 1185 409 1227 nee
429 1165 616 1246 sanguinem,
636 1168 687 1228 sed
703 1175 850 1246 tamquam
867 1165 1050 1244 sanguinem.
1080 1165 1146 1227 Hoc
1161 1184 1227 1244 per-

115 1259 148 1310 ot
169 1269 256 1329 saepe
271 1250 378 1321 tacitis,
400 1258 445 1324 ut,
466 1269 556 1330 quum
572 1251 679 1330 aliquid
695 1270 757 1313 non
772 1251 926 1313 verisimile
941 1250 1044 1312 dicatis
1059 1259 1088 1311 et
1103 1251 1228 1328 effugere

167 1335 426 1413 reprehensionem
447 1335 553 1408 vetitis,
579 1337 706 1397 ass'eratis
725 1336 844 1416 aliquid,
870 1336 951 1415 quod
971 1335 1094 1396 omnino
1114 1354 1152 1396 ne
1167 1335 1228 1396 fieri

168 1419 285 1498 quidem
301 1421 411 1500 possit3
427 1428 458 1480 ut
474 1421 565 1482 satius
581 1421 668 1484 fuerit
682 1421 751 1482 illud
767 1423 878 1502 ipsum,
894 1422 929 1481 de
944 1437 1003 1498 quo
1018 1420 1226 1498 ambigebatur,

167 1504 341 1575 concedere,
368 1524 454 1585 quarn
481 1513 539 1566 tam
565 1506 755 1584 impudenter
779 1505 924 1568 resistere.
976 1505 1060 1566 Velut
1084 1505 1226 1584 Epicurus
1300 1547 1302 1586 ;

168 1607 261 1668 quum
286 1590 407 1662 videret,
432 1590 458 1650 si
484 1592 575 1652 atomi
602 1592 747 1652 ferrentur
767 1591 797 1652 in
817 1591 913 1652 tooum
932 1589 1102 1650 inferiorern
1121 1599 1227 1669 suopte
1300 1587 1302 1622 ²

166 1676 312 1753 pondere,
327 1674 398 1736 nibil
413 1676 476 1736 sore
493 1678 523 1737 in
538 1684 640 1737 nostra
653 1685 807 1754 potestate,
823 1675 902 1755 quod
918 1682 996 1736 esset
1011 1693 1111 1736 earum
1128 1684 1225 1736 motus

168 1767 264 1820 eertus
280 1770 309 1820 et
323 1761 522 1832 necessarium
538 1762 662 1833 invenit,
679 1781 737 1839 quo
754 1761 845 1821 modo
861 1759 1064 1821 necessitatem
1081 1761 1226 1838 effugeret,

167 1844 246 1923 quod
262 1845 393 1906 videlieet
407 1846 605 1906 Democritum
622 1849 747 1922 iugarat:
767 1846 806 1905 ait
820 1853 967 1917 atomum,
989 1863 1080 1924 quum
1095 1845 1226 1923 pondere

115 1938 147 1988 70
168 1939 196 1990 et
222 1930 358 2006 gravitate
379 1929 488 1992 direoto
509 1931 635 1990 deorsus
655 1931 772 2000 teratur,
792 1928 938 1990 declinare
956 1929 1123 2009 paullulum.
1165 1930 1226 1992 Hoo

168 2012 264 2073 dicere
284 2013 397 2090 turpius
418 2021 477 2083 est,
496 2032 584 2092 quam
604 2013 673 2073 iliud
694 2014 773 2094 quod
794 2014 853 2074 vult
869 2032 931 2074 non
952 2032 1042 2092 posse
1062 2015 1225 2075 defendere.

166 2095 247 2156 Idem
268 2095 335 2156 iacit
355 2104 456 2157 eontra
477 2097 656 2158 dialecticos:
683 2119 698 2160 a
720 2098 826 2178 quibus
847 2117 938 2178 quum
957 2098 1097 2160 traditum
1119 2099 1173 2172 sit,
1199 2097 1227 2159 in

167 2180 307 2240 omnibus
323 2175 580 2269 disiunctionibus,
596 2181 625 2242 in
637 2185 747 2260 quibus
763 2195 814 2246 out
826 2187 914 2244 etiam
926 2195 979 2246 out
987 2202 1048 2246 aon
1059 2193 1226 2264 poneretur,

166 2330 250 2393 folgen
264 2331 377 2381 offenbar
392 2332 473 2382 einem
485 2331 670 2396 Neturgesetza
725 2336 885 2398 auweieben,
907 2337 970 2387 anob
988 2337 1027 2386 die
1044 2335 1227 2398 Seelentb'aitig·

166 2397 228 2448 aber
244 2399 281 2449 sie
298 2400 409 2449 weicheri
432 2402 495 2450 ohne
517 2400 671 2452 bestimmten
725 2404 808 2454 beiten
825 2403 875 2454 otte
893 2418 941 2454 nur
958 2404 1020 2455 nach
1037 2404 1117 2454 einem
1134 2403 1226 2454 Natur-

169 2465 265 2518 Gesetz
277 2483 325 2516 von
338 2467 423 2518 dieser
436 2467 559 2532 ntentans
570 2469 610 2530 ab,
623 2470 672 2518 und
725 2478 814 2534 gesetz
827 2470 950 2533 erinigen,
963 2471 1013 2522 und
1026 2469 1087 2521 t'reie
1097 2470 1226 2522 Seibstbe·
1298 2489 1299 2492 ¹

167 2535 236 2585 diese
257 2536 428 2598 Abweiebung
451 2538 532 2588 matht
553 2544 609 2587 eret
631 2538 672 2587 dio
725 2539 1153 2603 stimmungworeausgeseblossen.
1168 2539 1228 2590 Des·

166 2602 324 2668 Entstebnug
341 2605 387 2656 der
406 2604 479 2656 Weit
498 2604 614 2669 megliot.
644 2605 670 2656 S.
724 2622 813 2670 wesen
830 2607 926 2656 vertieh
943 2605 1038 2672 Epikur
1057 2607 1104 2656 den
1122 2605 1226 2658 Atomeu

167 2687 199 2722 zu
211 2687 233 2722 e.
245 2671 286 2731 25,
300 2672 341 2722 69.
725 2676 787 2726 anob
804 2675 860 2725 eine
877 2675 985 2738 gowieso
1001 2675 1167 2725 witikiirliobe
1185 2675 1227 2724 Re·

197 2740 586 2860 ttf‘“t⁰⁷tt„tt⁰ttttt
620 2809 671 2858 m
724 2742 1226 2874 isidi?dibissiiiidiiiss‘iib
1296 2819 1297 2830 κ

167 2873 222 2922 Biid
238 2873 273 2922 ist
290 2875 500 2936 vonvert‘oiptem
551 2879 670 2926 itdeent-
724 2877 964 2930 Zusammentreffeu
982 2879 1027 2928 der
1043 2894 1091 2928 von
1109 2879 1226 2942 dergra·
1294 2833 1297 2984 1

166 2939 248 3015 lebat,
261 2940 305 2988 des
318 2941 370 2990 siah
382 2943 420 2990 ius
433 2942 549 2994 nictit-nt
560 2945 670 3007 tliiebtet,
698 2951 701 2958 '
725 2946 771 2996 den
785 2947 855 2996 Liuio
868 2946 1059 2996 ubweiebenden
1073 2946 1174 3011 Atume,
1190 2945 1226 2995 aie

73 3039 81 3052 .
166 3006 249 3054 woltun
261 3005 310 3055 ihm
321 3007 528 3070 derdegernirbt
538 3011 671 3060 teictttot-
724 3015 787 3063 auch
804 3012 844 3062 die
856 3012 970 3065 Freibeit
985 3015 1029 3063 des
1046 3015 1227 3064 mensebiieben
1295 3005 1296 3020 ¹

166 3087 213 3136 gen
227 3071 307 3120 kann:
326 3089 355 3122 so
372 3074 412 3123 die
425 3075 568 3139 Epiirureer
579 3093 611 3126 zu
624 3094 670 3126 un·
726 3080 837 3130 Witteus
848 3081 965 3130 eriiiiren
976 3098 1006 3132 zu
1018 3082 1116 3144 &dunen
1128 3084 1226 3132 ureinte.

166 3140 370 3190 verstundtieben
392 3142 441 3190 und
458 3141 520 3190 eben
537 3144 670 3208 dunwepen
725 3147 782 3212 vgt.
797 3147 847 3196 Cio.
861 3149 891 3197 de
905 3148 967 3199 Fato
981 3165 1003 3198 e.
1018 3150 1061 3210 to,
1075 3149 1120 3210 22,
1139 3149 1227 3199 beson-

167 3208 266 3258 rnbwer
288 3223 320 3257 zu
339 3209 540 3271 widorleprenden
561 3212 671 3277 Bebuup·
726 3216 784 3268 dere
796 3216 857 3264 eber
869 3215 1006 3274 Lucretii,
1019 3216 1100 3267 tttff.
1114 3233 1138 3267 u.
1147 3217 1193 3267 251
1203 3216 1226 3266 d.

167 3274 316 3340 turged-
340 3275 399 3326 Dies
417 3276 479 3326 wird
497 3277 602 3341 irnt'otp.
618 3277 670 3330 tto-
759 3284 827 3348 pund
844 3285 1020 3335 Bmaooritnm
1034 3287 1160 3350 fugerat.
1196 3285 1225 3336 tt.

165 3345 227 3409 pitet
255 3361 286 3394 an
313 3346 377 3395 awei
399 3345 537 3410 Betspieten
562 3349 671 3414 gezeitrt,
725 3352 794 3402 batte
817 3352 960 3402 metretae
981 3353 1226 3416 grodtrmgessewe-

166 3413 205 3461 dio
219 3413 336 3476 iibrigons
351 3413 406 3463 dem
418 3413 670 3478 {inuptgepenstnude
724 3435 791 3483 gurg
806 3421 851 3470 mit
868 3420 1050 3470 wiiitiiriieber
1063 3421 1225 3482 lieeiination,

166 3477 244 3528 iretnd
258 3483 326 3539 sind,
344 3498 375 3532 zu
389 3482 508 3533 weietreru
527 3489 582 3532 eret
593 3499 615 3532 c.
627 3483 669 3547 26,
725 3489 832 3538 sondern
845 3488 917 3536 einen
930 3490 962 3538 im
973 3488 1069 3538 Wesen
1083 3490 1128 3537 der
1139 3490 1225 3540 Atmne

166 3544 198 3593 73
212 3549 415 3612 zuriirkgekehrt
428 3551 498 3600 wird.
717 3555 894 3617 begriindeten
904 3556 1227 3620 nndnritNottruendigireit

199 3603 253 3662 25.
271 3614 312 3664 ott.
329 3617 467 3682 niditsoas
482 3622 507 3668 ἐκ
520 3623 612 3670 nostra
622 3635 670 3687 po·
723 3639 771 3672 vor
782 3624 833 3672 siob
846 3623 973 3684 petrenden
985 3623 1084 3674 Wirbei
1094 3625 1226 3675 desselben

167 3683 269 3730 testato.
283 3681 350 3732 Weii
362 3686 466 3735 uindicta
477 3689 597 3738 dteSeeie
606 3690 669 3738 uurb
723 3706 910 3753 angenomuren.
935 3692 1005 3754 Diog.
1017 3691 1045 3742 t.
1060 3691 1103 3754 ΙΧ,
1118 3692 1159 3743 45.

166 3763 214 3796 nnr
229 3763 275 3796 aus
290 3748 394 3799 dtornen
413 3753 523 3815 bestebt,
542 3771 571 3804 so
589 3757 670 3806 muss-
759 3759 799 3807 to.
817 3761 953 3809 autetiam
965 3765 1012 3810 out
1025 3775 1088 3809 reon:
1107 3768 1224 3812 entwe-

166 3822 223 3876 tou,
237 3830 308 3864 wenn
321 3818 361 3864 die
371 3817 459 3868 Atotue
472 3822 539 3871 nictit
550 3824 590 3871 ein
604 3821 670 3872 Ver·
724 3826 779 3874 der
789 3826 823 3874 ta
841 3826 915 3875 oder
927 3826 949 3877 tt
955 3828 1011 3876 ein.
1037 3826 1094 3888 vgt.
1107 3827 1183 3878 Arad.
1196 3828 1224 3890 il,

165 3887 255 3950 rodpeu
275 3883 361 3934 biitten
374 3899 430 3934 vom
441 3884 611 3950 Noturgesetz
623 3890 669 3940 ab·
725 3891 766 3954 30,
776 3892 817 3954 et,
830 3907 869 3942 wo
879 3893 995 3944 dassetbe
1005 3883 1224 3960 toerttptt'urge-
