2612 4328
429 269 543 321 1.an.
572 267 643 320 GAP.
656 269 697 321 ³8.
710 267 751 321 39.
764 269 806 321 4⁰.
1085 273 1148 336 239

84 424 144 485 diis
158 423 373 485 immortalibus
387 421 557 483 hominibus
572 422 720 501 dispertiri
734 442 768 483 ac
782 422 869 484 dividi
883 422 1022 486 somnia?
1036 425 1147 486 ldciroo

84 511 160 570 haec
183 516 295 581 tecum,
322 507 388 588 quia
407 515 502 567 restra
528 517 573 567 est
597 507 634 567 de
652 507 837 568 somniorum
860 509 976 569 veritme
996 511 1146 570 sententia.

84 596 183 672 Atque
202 593 290 653 iidem
310 593 396 653 ctiam
416 600 481 653 vota
502 590 612 670 suscipi
631 591 726 652 dicitis
742 601 886 670 oportere.
916 589 1027 673 Nempe
1041 594 1146 673 singuli

83 687 205 749 vovent3
221 677 302 738 audit
316 677 405 755 igitur
418 693 504 736 mens
521 676 615 737 divina
629 677 716 736 etiam
731 677 769 737 de
783 676 915 754 singulis.
946 678 1056 738 Videtis
1076 697 1146 757 ergo

83 780 148 823 non
163 781 229 822 esse
243 781 306 822 eam
322 770 381 822 tam
397 769 567 840 occupatam
584 779 670 839 quam
687 758 855 839 putabatis?
879 761 938 822 Fac
952 779 1019 822 esse
1033 762 1146 822 disten·
1234 833 1238 841 Ι

82 857 155 918 tam,
170 847 281 907 caelum
293 853 466 918 versantem,
483 853 590 905 terram
605 854 744 918 tuentem,
756 846 847 906 maria
861 847 1080 906 moderantem:
1095 865 1147 906 cur

83 941 146 991 tam
161 931 271 991 multos
288 932 359 992 deos
374 929 446 991 nihil
460 947 546 1008 agere
564 940 593 990 et
612 948 727 990 cessare
745 926 877 1008 patitur?
905 947 958 990 cur
976 947 1037 990 nou
1057 932 1146 991 rebus

82 1015 224 1076 humanis
239 1015 352 1093 aliquos
368 1015 482 1075 otiosos
498 1014 570 1074 deos
585 1013 728 1093 praeficit,
743 1014 793 1092 qui
809 1033 826 1075 a
840 1022 877 1085 te,
894 1013 994 1086 Balbe,
1010 1014 1146 1074 innume-

82 1098 189 1160 rabiles
205 1099 335 1178 explicati
351 1096 442 1159 sunt?
462 1097 540 1158 llaec
554 1099 613 1158 iere
629 1099 724 1160 dicere
740 1099 828 1159 habui
844 1099 880 1158 de
894 1107 997 1159 natura
1013 1099 1145 1172 deorum,

82 1201 147 1244 non
167 1190 201 1242 ut
219 1202 284 1243 eam
304 1183 449 1253 tollerem,
474 1181 528 1242 sed
540 1191 574 1242 ut
591 1183 802 1261 intelligeretis
822 1201 909 1262 quam
929 1191 1006 1244 esset
1022 1183 1147 1244 obscura

83 1275 113 1327 ct
129 1285 217 1346 quam
234 1267 363 1328 difficiles
378 1267 537 1345 explicatus
552 1267 678 1328 haberet.
785 1333 793 1340 ,
988 1265 994 1278 ”

171 1351 252 1422 Quae
271 1370 361 1429 quum
382 1351 516 1424 dixisset,
537 1349 620 1412 Cotta
640 1352 737 1412 linem.
773 1351 902 1412 Lucilius
922 1359 1032 1425 autem,
1051 1351 1144 1413 Vehe-
1163 1350 1205 1412 to

82 1435 223 1507 mentius,
242 1435 347 1513 iuquit,
362 1434 454 1505 Cotta,
476 1443 508 1494 tu
523 1435 642 1512 quidem
657 1435 787 1495 invectus
803 1455 835 1496 es
850 1436 881 1496 in
896 1454 961 1496 cam
977 1435 1144 1497 Stoicorum
1166 1443 1200 1493 94

82 1520 238 1591 rationem,
255 1537 329 1596 quae
342 1519 377 1578 de
392 1517 574 1596 providentia
587 1518 709 1579 deorum
722 1519 824 1578 abillis
837 1519 1022 1580 sanctissime
1034 1528 1062 1581 et
1073 1539 1145 1598 pro-

81 1604 283 1664 videntissime
303 1603 460 1662 constituta
478 1609 531 1662 est.
567 1603 625 1662 Sed
649 1602 788 1680 quoniam
810 1602 1038 1680 advesperascit,
1064 1604 1145 1665 dabis

83 1689 162 1752 diem
177 1686 263 1756 nobis
279 1687 417 1766 aliquem,
440 1693 473 1746 ut
492 1693 593 1747 contra
613 1686 668 1748 ista
684 1686 824 1746 dicamus.
854 1687 907 1746 Est
922 1685 998 1746 enim
1015 1685 1087 1746 mibi
1102 1697 1145 1748 te·

83 1791 152 1832 cum
168 1790 223 1849 pro
240 1771 298 1830 aris
315 1779 344 1831 et
358 1771 430 1832 locis
447 1779 600 1843 certamen,
616 1779 643 1830 et
657 1789 713 1849 pro
726 1771 848 1831 deorum
864 1770 981 1850 templis
996 1779 1082 1850 atque
1094 1773 1145 1833 de·

82 1855 176 1916 lubris
197 1873 310 1935 proque
330 1855 416 1916 Urbis
438 1854 546 1926 muris,
567 1873 642 1933 quos
663 1874 731 1927 vos,
750 1854 920 1932 pontifices,
941 1853 1059 1916 sanctos
1080 1874 1145 1916 csse

82 1939 188 2012 dicitis,
203 1939 427 2016 diligentiusque
443 1929 549 2000 Urbem
566 1939 705 2017 religione
722 1957 810 2017 quam
825 1939 898 2018 ipsis
915 1939 1069 2000 moenibus
1081 1939 1144 2000 oin-

82 2024 159 2103 gitis.
190 2025 272 2096 Quae
287 2023 382 2084 deseri
397 2043 413 2084 a
428 2043 490 2095 me,
511 2024 580 2083 dum
597 2025 715 2102 quidem
731 2024 843 2103 spirare
861 2031 980 2102 potero,
1002 2025 1083 2085 nefas
1099 2024 1144 2084 iu-

82 2109 159 2168 dico.
190 2108 266 2168 Tum
282 2107 378 2169 Cotta:
401 2109 463 2187 Ego
485 2127 552 2169 vero
574 2119 602 2169 et
617 2117 688 2188 opto
705 2107 839 2188 redargui
859 2126 922 2182 me,
941 2107 1040 2183 Balbe,
1060 2117 1089 2170 et
1102 2127 1143 2182 ea,
1165 2113 1197 2164 95

80 2277 119 2325 uls
132 2277 177 2339 qui
188 2273 271 2324 mous
288 2265 585 2356 oderquornquorodici-
673 2292 720 2327 cur
734 2293 785 2327 non
801 2305 836 2312 —
847 2277 988 2356 praeficit?
1021 2277 1081 2326 Dies
1098 2276 1142 2326 bc-

81 2347 115 2392 tu
138 2369 172 2378 -
196 2346 281 2392 tumen
304 2343 388 2394 vadiis.
435 2343 518 2393 Durcb
543 2344 584 2393 dre
638 2343 1143 2410 buuptcnebendrestorler3aberCottc

77 2410 192 2472 Setzung
213 2411 258 2459 des
274 2408 540 2474 identitiitspronomen
558 2411 583 2459 iu
638 2410 725 2474 glaubt
737 2411 885 2475 bicliinqlich
898 2411 999 2475 gezcigt
1011 2426 1041 2460 zu
1054 2411 1141 2474 baben,

4 2527 9 2534 ,
79 2477 170 2526 beiden
189 2475 307 2526 Gitonem
324 2478 388 2526 wird
405 2478 450 2525 der
467 2477 585 2530 Contrast
639 2480 697 2528 dass
714 2493 742 2526 es
755 2479 821 2528 nicbt
834 2493 862 2526 so
875 2479 924 2540 sei,
941 2477 990 2526 und
1007 2477 1031 2526 iu
1048 2477 1142 2528 diesem

79 2546 127 2594 der
157 2549 414 2606 entgegcngesctzten
444 2545 493 2592 und
522 2544 585 2592 doclr
640 2544 753 2594 Glaubeu
774 2552 830 2607 sapt
850 2560 889 2593 er:
914 2543 1038 2594 Warum
1060 2545 1094 2594 ist
1113 2559 1142 2594 es

79 2627 129 2662 von
139 2610 339 2660 ebendenselben
352 2609 478 2659 Personen
493 2625 585 2672 vorge·
640 2613 708 2661 nicbt
720 2614 764 2660 sot

79 2679 199 2728 lrruebten
211 2679 402 2742 liebuuptungeu
414 2692 455 2727 um
468 2693 496 2726 so
507 2678 584 2728 sicbt·
1131 2707 1135 2714 ·

79 2747 156 2796 barer
181 2745 396 2806 bervorgehobeu.
427 2744 484 2806 Vgl.
507 2745 584 2794 Acud.
672 2737 1141 2810 ltt.94.finam.vgl.oe1tinn.lv‚

77 2813 113 2875 ll,
127 2811 168 2874 20,
182 2811 227 2861 63:
240 2811 288 2878 qut⁴
297 2814 345 2862 titi
356 2815 494 2877 constaret,
506 2827 584 2877 quum
640 2812 662 2874 1,
675 2812 701 2861 1:
715 2828 865 2878 quaequam
876 2811 1083 2878 didissetfinem
1093 2811 1141 2864 ille.

77 2880 147 2931 idem
159 2895 269 2944 negares
286 2879 419 2945 quodquam
432 2883 498 2929 certi
506 2895 585 2948 posce
637 2877 667 2942 ll,
681 2881 704 2942 6,
717 2881 760 2930 ῙΊε
775 2884 830 2930 turn
841 2879 890 2941 itte,
896 2881 987 2946 finem,
999 2882 1089 2946 aliquit,
1102 2883 1141 2930 in-

77 2949 201 3062 rcpcmiqi,
216 2947 287 3062 rq'clcam
304 2951 329 3026 te
337 2950 500 3065 dcqneperq'rqe
517 2946 583 3064 sigeo-
639 2947 797 3013 terrogmedt',
811 2949 836 2998 ci
846 2947 955 2999 cicietur.

78 3031 130 3066 ror.
181 3029 212 3063 au
232 3029 336 3077 gerwrr
381 3030 404 3064 er
416 3031 470 3064 soc
488 3029 517 3064 eu
555 3030 582 3063 e-

567 3083 583 3132 d
668 3066 718 3117 pro
731 3051 786 3100 arir
802 3055 828 3100 et
837 3051 924 3168 'socia
953 3051 1042 3132 Beides
1059 3051 1141 3116 linig

77 3082 333 3146 geniiberstclluugeu
354 3084 399 3133 dus
420 3089 489 3133 erote
510 3081 566 3132 Glie

76 3152 102 3200 in
115 3149 191 3200 Form
204 3149 273 3198 eines
282 3148 474 3214 Relativsatzes,
488 3150 534 3199 der
546 3150 582 3198 ei-

77 3233 134 3266 nem
147 3215 356 3268 Concessivsutze
368 3218 449 3280 gleicb
461 3217 522 3281 gili,
538 3233 583 3281 ge-

77 3291 147 3334 uetzt
163 3283 212 3332 ond
231 3285 290 3333 oacb
307 3285 399 3334 diesem
418 3286 442 3334 iu
458 3286 514 3336 deni
533 3285 582 3334 iol·
670 3300 733 3350 quor
743 3289 888 3335 —sonctoc
899 3284 1056 3334 ercedicitt'c
1073 3281 1139 3332 Plut.

78 3352 176 3414 geoden
189 3351 365 3401 adversativeu
380 3351 469 3402 Gliede
486 3353 526 3401 die
538 3353 582 3401 be·
637 3351 683 3418 Qu.
701 3351 771 3401 Rom.
789 3368 811 3401 c.
829 3352 873 3400 27:
895 3350 954 3400 πᾶν
970 3352 1061 3415 τεῖχος
1077 3343 1140 3412 ἀβέ-

77 3418 202 3469 trcll'ende
215 3417 319 3479 Person,
332 3419 373 3467 die
387 3419 491 3484 verber,
504 3419 540 3468 sei
554 3435 581 3469 es
635 3421 720 3483 βηλον
732 3420 777 3466 καὶ
794 3414 870 3483 ἱερὸν
886 3416 1040 3482 νομίζουσι.
1073 3416 1140 3466 Ver·

77 3485 244 3536 ducchron.
257 3487 401 3548 demonstr,
415 3487 492 3535 scies
505 3488 582 3536 durch
636 3486 740 3544 letzunq
763 3485 809 3532 der
832 3484 991 3532 Stodtmuuer
1017 3496 1072 3531 war
1100 3484 1139 3532 ein

77 3555 117 3603 eiu
134 3552 230 3602 Nomen
253 3553 397 3602 bezeiolruet
417 3567 483 3613 utar,
505 3553 582 3602 durcb
637 3550 901 3616 Capitulverbrecben,
923 3549 972 3598 und
994 3549 1140 3612 Abtragung

77 3621 118 3671 ein
144 3621 368 3684 Demonstrativpr.
400 3621 448 3670 wie
472 3623 496 3669 is
521 3621 583 3670 oder
637 3617 881 3667 derselbenumden
896 3614 1140 3678 UmriugderStodt

76 3689 146 3738 idem
157 3687 282 3736 aber-mals
292 3687 448 3750 bezeicbuet,
459 3688 508 3736 wie
518 3688 581 3737 oben
637 3701 669 3735 zu
681 3685 815 3734 erucitcrn
828 3685 995 3750 (pomoerium
1008 3684 1137 3751 prqsmo)

76 3755 94 3820 l,
111 3755 153 3804 22.
167 3753 209 3804 61.
637 3768 685 3802 nur
697 3753 741 3800 ruit
751 3752 904 3801 besonderer
916 3751 992 3802 durch
1003 3752 1137 3818 Auspicien

111 3822 152 3872 dic
201 3823 406 3872 tiri—somnia.
423 3821 581 3886 vsidelliv.
636 3819 791 3869 eriorscbtec
807 3817 994 3886 Genelrmignng
1015 3821 1061 3871 der
1076 3819 1139 3871 Geta

76 3893 92 3955 l,
105 3905 126 3940 c.
158 3889 209 3939 ou.
636 3894 678 3938 ter
688 3893 818 3951 gestuttet.
