2612 4328
178 233 240 296 202
525 191 882 282 nrunrumnuonuu

121 393 161 454 lo
178 335 307 450 natiuae.
335 383 411 458 Quid
427 349 591 446 Chalcidico
606 384 717 464 Euripo
732 383 764 445 in
777 392 863 448 motu
876 384 1035 448 identidem
1049 385 1245 464 reciprocan-

177 473 217 534 do
243 478 330 550 putas
356 468 419 530 fieri
444 487 534 549 posse
557 466 762 530 constantius?
789 469 858 548 quid
878 471 953 531 freto
975 468 1144 532 Siciliensi?
1172 472 1244 550 quid

178 555 284 618 Oceani
299 556 413 616 fervore
427 553 482 615 iilis
497 555 527 616 in
540 554 621 628 locis,

262 657 413 736 Europam
426 655 602 736 Libyamque
616 674 717 736 ropac
731 656 784 717 udi
798 658 901 718 diuidit
913 653 1017 717 uude?

179 756 278 835 Quid?
296 765 394 819 aestus
409 757 560 830 maritimi,
580 759 625 818 vel
639 757 850 836 Hispanienses
865 758 909 817 vel
922 755 1099 831 Britannici,
1121 775 1243 818 conim-

179 865 236 925 que
261 843 347 906 certis
374 842 557 923 temporibus
583 842 625 902 vei
645 861 780 903 accessus
799 842 843 901 vel
862 861 996 902 recessus
1017 841 1084 902 sine
1103 841 1158 902 deo
1178 842 1243 902 fieri

178 947 279 992 nonne
293 925 446 1008 possunt?
476 927 556 1000 Vide,
572 945 691 1005 quaeso,
707 927 732 986 si
748 945 852 987 omnes
868 935 967 988 motus
984 927 1153 1006 omniaque,
1167 946 1242 1006 quae

179 1014 265 1076 certis
280 1013 462 1092 temporibus
479 1011 612 1072 ordinem
628 1030 715 1072 suurn
731 1019 921 1084 conservant,
937 1009 1033 1071 divina
1049 1011 1191 1086 dicimus,
1206 1029 1241 1072 ne

178 1100 316 1161 tertianas
336 1116 453 1177 quoque
472 1096 567 1157 febres
587 1103 615 1156 ct
636 1105 789 1175 quartanas
811 1095 920 1167 divinas
936 1113 1002 1156 esse
1018 1095 1180 1156 dicendum
1197 1097 1239 1166 sit,

90 1219 94 1226 ·
180 1202 305 1263 quarum
324 1181 490 1242 reversione
510 1187 538 1239 et
558 1187 642 1242 motu
663 1181 732 1259 quid
751 1187 929 1260 potestesse
945 1179 1155 1241 constantius?
1186 1181 1240 1240 Sed

126 1283 159 1334 25
181 1267 314 1328 omnium
333 1265 436 1325 talium
455 1283 555 1324 rerum
574 1267 649 1326 ratio
670 1265 817 1326 reddenda
833 1272 886 1326 est.
918 1264 1005 1337 Quod
1020 1284 1073 1325 vos
1090 1283 1184 1344 quum
1200 1267 1240 1326 ia·

181 1369 245 1412 cere
265 1366 327 1410 non
346 1349 483 1428 potestis,
502 1355 651 1428 tamquam
670 1351 701 1411 in
721 1367 802 1410 aram
823 1349 981 1427 confugitis
1002 1350 1039 1409 ad
1058 1350 1161 1411 deum.
1206 1349 1239 1409 Et

181 1433 362 1514 Chrysippus
377 1433 429 1495 tibi
445 1442 526 1494 acute
542 1434 636 1495 dicere
651 1433 809 1506 videbatur,
825 1435 917 1494 homo
930 1433 993 1494 sine
1005 1433 1095 1495 dubio
1107 1442 1239 1495 versutus

180 1529 209 1582 et
224 1519 355 1581 callidus:
373 1521 523 1595 (versutos
539 1537 591 1580 eos
607 1519 737 1598 appello,
753 1537 880 1598 quorum
896 1518 1025 1579 celeriter
1039 1537 1127 1579 mens
1145 1539 1239 1580 versa-

180 1614 242 1680 tur3
257 1603 374 1665 callidos
391 1613 502 1678 autem,
518 1623 645 1683 quorum
660 1611 807 1683 tamquam
824 1599 929 1663 manus
945 1622 1048 1682 opere,
1067 1603 1111 1664 sic
1126 1604 1239 1664 animus

180 1710 236 1752 usu
252 1689 439 1765 concalluitt)
460 1689 485 1749 is
501 1689 596 1767 igitur,
610 1693 637 1750 si
651 1688 766 1768 aliquid
776 1700 831 1759 est,
852 1687 961 1766 inquit,
981 1689 1058 1767 quod
1071 1687 1161 1750 bomo
1177 1689 1238 1768 cffi-

181 1793 323 1857 ceremon
339 1778 443 1854 possit,
464 1777 515 1853 qut
532 1775 563 1834 id
581 1774 683 1853 efficit,
705 1772 809 1833 melior
824 1783 865 1833 est
877 1773 1000 1833 bomine.
1030 1771 1131 1833 Homo
1148 1785 1238 1834 eutem
1289 1801 1291 1900 p

179 1859 273 1932 boec,
283 1879 355 1940 quoa
374 1864 406 1919 a'u
420 1859 529 1920 mundo
545 1868 624 1929 suot,
641 1858 756 1937 efficere
770 1875 831 1917 nou
842 1867 951 1938 potest:
971 1859 1021 1937 qui
1030 1861 1131 1936 potuit
1144 1862 1236 1938 ἐρίων,

179 1949 205 2005 is
212 1953 345 2023 praestat
355 1944 473 2005 bomini.
497 1942 619 2004 Homini
629 1953 723 2003 cutem
732 1952 885 2022 proestare
898 1945 960 2021 qoa'c
968 1945 1068 2021 poscit,
1081 1946 1144 2004 m'si
1154 1939 1238 2004 decu?
1290 1959 1291 1964 ¹

179 2029 230 2089 Est
243 2032 332 2106 o'pt'tur
347 2030 424 2090 deus.
456 2025 534 2088 Haec
549 2027 647 2088 omnia
662 2029 693 2088 in
709 2027 826 2098 eodem,
846 2045 904 2105 quo
920 2027 967 2087 iila
981 2027 1126 2099 Zenonis,
1144 2045 1238 2088 errore

126 2122 160 2174 26
181 2118 342 2172 versantur.
374 2111 451 2184 Quid
470 2112 548 2172 enim
568 2113 606 2173 sit
622 2112 740 2184 melius,
761 2111 830 2190 quid
844 2109 1061 2191 praestabilius,
1082 2111 1154 2190 quid
1169 2113 1238 2172 inter

179 2203 314 2256 naturam
329 2204 358 2256 et
372 2194 515 2256 rationem
526 2196 657 2270 intersit,
677 2214 738 2257 non
754 2195 951 2274 distinguitur.
980 2196 1135 2274 idemque,
1158 2197 1183 2256 si
1197 2195 1238 2256 dei

180 2297 242 2341 non
262 2279 335 2352 sint,
356 2286 441 2357 negat
461 2298 526 2340 esse
546 2279 577 2341 in
598 2277 680 2341 omni
693 2290 795 2342 natura
812 2279 971 2359 quidquam
987 2281 1109 2341 homine
1124 2282 1237 2352 melium

216 2439 266 2499 10.
295 2446 336 2498 24.
357 2446 423 2510 Ouid
435 2446 573 2499 Chalcidico
583 2447 682 2516 Euripo
736 2447 916 2512 Tuscorum,
927 2447 1114 2512 accingendum
1128 2447 1239 2500 Gemeint

179 2545 213 2554 -
233 2519 412 2568 constantius?
446 2517 561 2567 Dariiber
583 2519 681 2568 m'dchte
736 2516 771 2567 ist
783 2517 940 2582 dassratum
953 2515 1115 2568 Gaditanum.

179 2585 247 2634 wohl
259 2583 379 2634 Manebar
395 2586 503 2635 anderen
515 2583 621 2636 Ansicht
637 2600 681 2649 ge·
769 2589 859 2634 matam
868 2587 1036 2634 marittnd—.
1050 2583 1238 2651 s.au11,7,19.

178 2667 265 2702 wesen
282 2653 349 2703 scin:
370 2653 435 2703 deun
451 2653 491 2703 dic
503 2653 683 2716 Unregebniis-
772 2654 914 2718 coqfaga'tis
928 2651 964 2702 ad
979 2651 1063 2704 decom
1097 2652 1165 2702 Wer
1183 2652 1239 2702 aher

179 2721 273 2784 sigkeit
294 2722 339 2770 der
356 2720 523 2785 Strbmungcn
544 2723 589 2772 des
606 2721 683 2772 Enri-
738 2727 802 2783 sagi,
815 2722 874 2769 dass
886 2720 1045 2783 dergleichen
1055 2735 1106 2770 von
1117 2721 1166 2770 der
1177 2720 1240 2770 blind

77 2829 81 2838 .
178 2803 225 2903 pus
244 2802 298 2837 war
314 2787 520 2853 sprichw'o’rtliob.
548 2789 605 2853 vgr.
618 2788 683 2842 Plat.
737 2788 788 2850 und
807 2787 959 2838 bawusstics
980 2787 1142 2838 sohuii'enden
1163 2787 1241 2839 Natur

199 2856 270 2906 baed.
280 2871 303 2920 p.
314 2855 346 2904 90
356 2855 383 2905 C.
401 2856 546 2920 Diogenian.
557 2857 631 2906 Prcv.
642 2855 682 2922 ΙΙΙ,
738 2855 768 2918 (s.
782 2871 815 2904 zu
826 2853 855 2917 ΙΙ,
865 2853 906 2915 32,
920 2855 962 2918 Sl)
976 2871 1005 2904 so
1018 2855 1188 2919 cingerichtet
1198 2855 1240 2918 sei,

180 2920 220 2970 39.
245 2921 288 2984 IV,
306 2921 346 2970 72.
376 2923 683 2986 Dochtindetallerdings
721 2924 783 2972 der
800 2922 869 2985 giobo
886 2922 955 2972 nicht
974 2939 1015 2973 um
1036 2923 1077 2972 ein
1095 2922 1165 2973 Hanc
1180 2923 1242 2974 broit

179 2987 242 3040 auch
269 2987 294 3035 in
318 2988 403 3038 dieser
426 2990 684 3056 Unregelmiissigkcit
737 2989 1002 3042 mchchcbenscbnib
1017 2991 1113 3056 daven,
1134 2991 1176 3042 als
1193 3005 1242 3040 wer

180 3052 243 3101 doch
279 3053 375 3102 wieder
412 3056 452 3105 ein
489 3059 684 3120 regelmissigcr
737 3058 777 3106 die
795 3057 922 3121 Wirknng
942 3058 1010 3109 eines
1031 3059 1174 3121 gdttlicbcn
1195 3057 1242 3108 Ge·
1285 3119 1286 3122 Ἴ

180 3118 301 3169 Wecbsel
314 3126 388 3184 stntt,
405 3122 454 3172 wie
467 3123 542 3172 Babin
561 3125 586 3173 in
603 3126 683 3176 einen
737 3131 823 3176 scices
836 3127 906 3175 darin
919 3125 1006 3176 findet.
1024 3125 1103 3176 Liisst
1114 3127 1169 3176 sich
1182 3128 1241 3176 deun
1285 3133 1286 3213 p

179 3187 316 3238 Scbreiben
326 3187 561 3240 auseinandersetzt
569 3191 682 3258 beiSpon
737 3199 803 3242 etwa
812 3192 886 3256 jencs
899 3193 988 3244 besser
999 3194 1129 3243 bcwciscn
1141 3195 1183 3244 als
1194 3194 1244 3244 dic-¹

178 3255 381 3307 asisanum.
395 3257 684 3311 iiberavonMenudier
738 3263 802 3310 scs?
844 3261 918 3311 Cotta
947 3262 1075 3312 verbcisst
1104 3277 1179 3312 awai·
1205 3276 1241 3311 an
1284 3295 1285 3304 η

178 3324 200 3378 Π
212 3325 238 3376 s·
253 3325 294 3376 5²·
738 3327 840 3378 Schlusn
859 3330 943 3378 dieses
955 3327 1070 3394 Kapitels
1083 3329 1132 3379 den
1145 3329 1240 3380 Bcweis

204 3425 283 3490 freto
295 3422 428 3476 Siciliensi.
446 3423 530 3490 Pomp.
544 3423 605 3475 Mel.
614 3423 644 3488 11,
656 3425 681 3474 7:
737 3411 768 3444 ²¹¹
781 3394 871 3446 ffih‘efl
884 3397 1108 3462 i‘immdmdum
1124 3397 1241 3458 d⁰⁶0⁶⁰i3

177 3493 354 3558 smmum
363 3497 489 3562 ,pamm
498 3493 595 3544 ,nmo
605 3507 683 3544 wrm
736 3462 776 3512 dic
789 3462 883 3528 Stella,
906 3479 942 3514 wc
955 3481 985 3514 cr
997 3480 1025 3515 ca
1037 3465 1190 3526 versucbtc,
1212 3465 1241 3514 ist

178 3560 253 3608 modo
275 3563 302 3610 a'a
317 3559 430 3611 Tuscum
444 3561 520 3612 modo
538 3565 564 3612 in
581 3560 683 3612 Ioniam
736 3531 867 3610 vqfl⁰¹s9¹¹3
893 3531 952 3582 ⁶⁸⁸⁸
977 3547 1007 3611 ,θ’
1026 3532 1066 3582 ibn
1090 3533 1155 3582 Μ
1180 3533 1241 3611 ἸῘΙΞΜ

177 3625 410 3694 pemmrflupp
737 3599 851 3648 wrrkbab
874 3599 936 3649 babo
960 3599 1050 3650 i'nbrcn
1071 3599 1187 3666 kunnan,
1211 3605 1241 3649 ist

403 3721 407 3725 ,
736 3666 938 3717 obneWeiteres
947 3667 1013 3717 ilar.
1033 3666 1132 3731 Wegen
1141 3669 1190 3719 der
1199 3667 1241 3718 iol·

214 3723 345 3836 Europam
355 3727 511 3796 Libyamque
519 3760 561 3781 -.
579 3731 632 3783 Ans
645 3733 683 3782 ei·
736 3734 832 3795 gandcn
859 3735 1073 3800 etymologiamen
1095 3735 1239 3786 Abschwei-

181 3803 236 3838 nem
247 3804 280 3837 un
299 3791 422 3868 obnunten
432 3795 542 3861 Dichter,
554 3800 684 3849 vieileicht
737 3799 798 3862 sung
818 3800 881 3850 iiber
897 3806 1017 3856 omacius
1033 3804 1085 3853 und
1095 3803 1205 3855 callidus
1221 3818 1239 3852 s.

180 3868 225 3904 aus
246 3853 342 3910 Ennius
362 3859 387 3906 in
408 3862 455 3910 den
475 3863 601 3932 Acumen,
620 3866 683 3917 anch
737 3865 811 3931 zult,
825 3866 922 3929 absol.

377 4164 503 4268 ι
685 4151 695 4160 ·
1278 4089 1281 4272 i
