<?xml version="1.0" encoding="UTF-8"?>
<!DOCTYPE html PUBLIC "-//W3C//DTD XHTML 1.0 Transitional//EN"
    "http://www.w3.org/TR/xhtml1/DTD/xhtml1-transitional.dtd">
<html xmlns="http://www.w3.org/1999/xhtml" xml:lang="en" lang="en">
 <head>
  <title>
</title>
<meta http-equiv="Content-Type" content="text/html;charset=utf-8" />
  <meta name='ocr-system' content='tesseract 3.04.00' />
  <meta name='ocr-capabilities' content='ocr_page ocr_carea ocr_par ocr_line ocrx_word'/>
</head>
<body>
  <div class='ocr_page' id='page_1' title='image "./mtulliciceronis00schogoog_0248.png"; bbox 0 0 2612 4328; ppageno 0'>
   <div class='ocr_carea' id='block_1_1' title="bbox 161 233 867 308">
    <p class='ocr_par' dir='ltr' id='par_1_1' title="bbox 161 233 867 308">
     <span class='ocr_line' id='line_1_1' title="bbox 161 233 867 308; baseline -0.003 -16"><span class='ocrx_word' id='word_1_1' title='bbox 161 245 223 308; x_wconf 78' lang='lat'><strong>238</strong></span> <span class='ocrx_word' id='word_1_2' title='bbox 511 239 555 291; x_wconf 87' lang='lat' dir='ltr'><strong>nu</strong></span> <span class='ocrx_word' id='word_1_3' title='bbox 572 237 710 290; x_wconf 78' lang='lat' dir='ltr'><strong>uarum</strong></span> <span class='ocrx_word' id='word_1_4' title='bbox 728 233 867 290; x_wconf 84' lang='lat' dir='ltr'><strong>nnouuu</strong></span> 
     </span>
    </p>
   </div>
   <div class='ocr_carea' id='block_1_2' title="bbox 161 389 1225 554">
    <p class='ocr_par' dir='ltr' id='par_1_2' title="bbox 161 371 1225 554">
     <span class='ocr_line' id='line_1_2' title="bbox 161 389 1225 488; baseline -0.004 -32"><span class='ocrx_word' id='word_1_5' title='bbox 161 398 288 476; x_wconf 87' lang='lat' dir='ltr'><strong>inquam,</strong></span> <span class='ocrx_word' id='word_1_6' title='bbox 304 394 404 456; x_wconf 87' lang='lat' dir='ltr'><strong>evertit</strong></span> <span class='ocrx_word' id='word_1_7' title='bbox 414 392 596 464; x_wconf 83' lang='lat' dir='ltr'>Corinthum,</span> <span class='ocrx_word' id='word_1_8' title='bbox 610 389 815 468; x_wconf 82' lang='lat' dir='ltr'><strong>Karthaginem</strong></span> <span class='ocrx_word' id='word_1_9' title='bbox 830 389 1000 451; x_wconf 80' lang='lat' dir='ltr'><strong>Hasdrubal.</strong></span> <span class='ocrx_word' id='word_1_10' title='bbox 1029 391 1067 452; x_wconf 90' lang='lat' dir='ltr'><strong>lli</strong></span> <span class='ocrx_word' id='word_1_11' title='bbox 1080 393 1144 452; x_wconf 90' lang='lat' dir='ltr'><strong>duo</strong></span> <span class='ocrx_word' id='word_1_12' title='bbox 1156 392 1225 488; x_wconf 65' lang='lat' dir='ltr'><strong>illos</strong></span> 
     </span>
     <span class='ocr_line' id='line_1_3' title="bbox 162 475 1224 554; baseline -0.005 -13"><span class='ocrx_word' id='word_1_13' title='bbox 162 481 264 541; x_wconf 89' lang='lat' dir='ltr'><strong>oculos</strong></span> <span class='ocrx_word' id='word_1_14' title='bbox 276 498 345 540; x_wconf 90' lang='lat' dir='ltr'><strong>orae</strong></span> <span class='ocrx_word' id='word_1_15' title='bbox 355 478 515 539; x_wconf 81' lang='lat' dir='ltr'>maritimae</span> <span class='ocrx_word' id='word_1_16' title='bbox 526 476 697 548; x_wconf 80' lang='lat' dir='ltr'><strong>effoderunt,</strong></span> <span class='ocrx_word' id='word_1_17' title='bbox 712 492 773 535; x_wconf 91' lang='lat' dir='ltr'><strong>non</strong></span> <span class='ocrx_word' id='word_1_18' title='bbox 784 475 875 535; x_wconf 89' lang='lat' dir='ltr'><strong>iratus</strong></span> <span class='ocrx_word' id='word_1_19' title='bbox 887 475 985 554; x_wconf 88' lang='lat' dir='ltr'><strong>aliqui,</strong></span> <span class='ocrx_word' id='word_1_20' title='bbox 998 494 1085 554; x_wconf 89' lang='lat' dir='ltr'><strong>quem</strong></span> <span class='ocrx_word' id='word_1_21' title='bbox 1098 477 1224 538; x_wconf 92' lang='lat' dir='ltr'><strong>omnino</strong></span> 
     </span>
    </p>
   </div>
   <div class='ocr_carea' id='block_1_3' title="bbox 86 559 1225 1992">
    <p class='ocr_par' dir='ltr' id='par_1_3' title="bbox 86 559 1225 893">
     <span class='ocr_line' id='line_1_4' title="bbox 108 559 1225 643; baseline -0.007 -13"><span class='ocrx_word' id='word_1_22' title='bbox 108 580 140 630; x_wconf 84' lang='lat'><strong>92</strong></span> <span class='ocrx_word' id='word_1_23' title='bbox 162 565 248 626; x_wconf 81' lang='lat' dir='ltr'><strong>irasci</strong></span> <span class='ocrx_word' id='word_1_24' title='bbox 263 583 354 643; x_wconf 90' lang='lat' dir='ltr'><strong>posse</strong></span> <span class='ocrx_word' id='word_1_25' title='bbox 369 563 493 641; x_wconf 77' lang='lat' dir='ltr'><strong>negatis,</strong></span> <span class='ocrx_word' id='word_1_26' title='bbox 513 563 594 622; x_wconf 88' lang='lat' dir='ltr'><strong>deus.</strong></span> <span class='ocrx_word' id='word_1_27' title='bbox 624 560 661 620; x_wconf 80' lang='lat' dir='ltr'><strong>ht</strong></span> <span class='ocrx_word' id='word_1_28' title='bbox 676 559 829 620; x_wconf 87' lang='lat' dir='ltr'><strong>subvenire</strong></span> <span class='ocrx_word' id='word_1_29' title='bbox 844 567 920 622; x_wconf 84' lang='lat' dir='ltr'><strong>certe</strong></span> <span class='ocrx_word' id='word_1_30' title='bbox 939 561 1036 637; x_wconf 85' lang='lat' dir='ltr'><strong>potuit</strong></span> <span class='ocrx_word' id='word_1_31' title='bbox 1054 568 1083 621; x_wconf 86' lang='lat' dir='ltr'><strong>et</strong></span> <span class='ocrx_word' id='word_1_32' title='bbox 1097 579 1225 622; x_wconf 84' lang='lat' dir='ltr'><strong>conser-</strong></span> 
     </span>
     <span class='ocr_line' id='line_1_5' title="bbox 103 643 1224 725; baseline -0.005 -13"><span class='ocrx_word' id='word_1_33' title='bbox 103 651 143 714; x_wconf 74' lang='lat'><strong>89</strong></span> <span class='ocrx_word' id='word_1_34' title='bbox 161 650 331 710; x_wconf 83' lang='lat' dir='ltr'><strong>rareurhes</strong></span> <span class='ocrx_word' id='word_1_35' title='bbox 344 656 441 708; x_wconf 83' lang='lat' dir='ltr'><strong>tantas</strong></span> <span class='ocrx_word' id='word_1_36' title='bbox 457 655 543 725; x_wconf 90' lang='lat' dir='ltr'><strong>atque</strong></span> <span class='ocrx_word' id='word_1_37' title='bbox 556 647 636 706; x_wconf 83' lang='lat' dir='ltr'><strong>tales.</strong></span> <span class='ocrx_word' id='word_1_38' title='bbox 667 643 725 704; x_wconf 88' lang='lat' dir='ltr'><strong>Vos</strong></span> <span class='ocrx_word' id='word_1_39' title='bbox 742 644 821 704; x_wconf 90' lang='lat' dir='ltr'><strong>enim</strong></span> <span class='ocrx_word' id='word_1_40' title='bbox 834 643 892 722; x_wconf 89' lang='lat' dir='ltr'><strong>ipsi</strong></span> <span class='ocrx_word' id='word_1_41' title='bbox 911 645 1008 705; x_wconf 81' lang='lat' dir='ltr'><strong>dicere</strong></span> <span class='ocrx_word' id='word_1_42' title='bbox 1027 645 1130 706; x_wconf 86' lang='lat' dir='ltr'><strong>soletis</strong></span> <span class='ocrx_word' id='word_1_43' title='bbox 1148 645 1224 706; x_wconf 91' lang='lat' dir='ltr'><strong>nihil</strong></span> 
     </span>
     <span class='ocr_line' id='line_1_6' title="bbox 86 728 1223 812; baseline -0.007 -14"><span class='ocrx_word' id='word_1_44' title='bbox 86 792 88 798; x_wconf 90' lang='lat'>.</span> <span class='ocrx_word' id='word_1_45' title='bbox 161 752 240 807; x_wconf 91' lang='lat' dir='ltr'><strong>esse,</strong></span> <span class='ocrx_word' id='word_1_46' title='bbox 255 734 334 812; x_wconf 94' lang='lat' dir='ltr'><strong>quod</strong></span> <span class='ocrx_word' id='word_1_47' title='bbox 350 733 421 794; x_wconf 89' lang='lat' dir='ltr'><strong>deus</strong></span> <span class='ocrx_word' id='word_1_48' title='bbox 437 732 550 792; x_wconf 87' lang='lat' dir='ltr'><strong>efficere</strong></span> <span class='ocrx_word' id='word_1_49' title='bbox 564 746 626 790; x_wconf 91' lang='lat' dir='ltr'><strong>non</strong></span> <span class='ocrx_word' id='word_1_50' title='bbox 639 728 749 808; x_wconf 85' lang='lat' dir='ltr'><strong>possit,</strong></span> <span class='ocrx_word' id='word_1_51' title='bbox 770 735 799 788; x_wconf 89' lang='lat' dir='ltr'><strong>et</strong></span> <span class='ocrx_word' id='word_1_52' title='bbox 818 728 935 806; x_wconf 90' lang='lat' dir='ltr'><strong>quidem</strong></span> <span class='ocrx_word' id='word_1_53' title='bbox 952 729 1016 788; x_wconf 91' lang='lat' dir='ltr'><strong>sine</strong></span> <span class='ocrx_word' id='word_1_54' title='bbox 1034 729 1134 790; x_wconf 85' lang='lat' dir='ltr'><strong>labore</strong></span> <span class='ocrx_word' id='word_1_55' title='bbox 1148 729 1223 803; x_wconf 86' lang='lat' dir='ltr'><strong>ullo;</strong></span> 
     </span>
     <span class='ocr_line' id='line_1_7' title="bbox 160 813 1223 893; baseline -0.005 -14"><span class='ocrx_word' id='word_1_56' title='bbox 160 825 194 880; x_wconf 84' lang='lat' dir='ltr'><strong>ut</strong></span> <span class='ocrx_word' id='word_1_57' title='bbox 208 816 285 879; x_wconf 88' lang='lat' dir='ltr'><strong>enim</strong></span> <span class='ocrx_word' id='word_1_58' title='bbox 301 816 455 878; x_wconf 89' lang='lat' dir='ltr'><strong>homiuum</strong></span> <span class='ocrx_word' id='word_1_59' title='bbox 472 815 602 876; x_wconf 88' lang='lat' dir='ltr'><strong>membra</strong></span> <span class='ocrx_word' id='word_1_60' title='bbox 616 813 693 874; x_wconf 89' lang='lat' dir='ltr'><strong>nulla</strong></span> <span class='ocrx_word' id='word_1_61' title='bbox 715 813 902 874; x_wconf 80' lang='lat' dir='ltr'><strong>contentione</strong></span> <span class='ocrx_word' id='word_1_62' title='bbox 922 821 1021 874; x_wconf 80' lang='lat' dir='ltr'><strong>merite</strong></span> <span class='ocrx_word' id='word_1_63' title='bbox 1035 814 1100 893; x_wconf 86' lang='lat' dir='ltr'><strong>ipsa</strong></span> <span class='ocrx_word' id='word_1_64' title='bbox 1116 833 1149 874; x_wconf 92' lang='lat' dir='ltr'><strong>ac</strong></span> <span class='ocrx_word' id='word_1_65' title='bbox 1166 833 1223 874; x_wconf 89' lang='lat' dir='ltr'><strong>vo-</strong></span> 
     </span>
    </p>

    <p class='ocr_par' dir='ltr' id='par_1_4' title="bbox 90 896 1221 1151">
     <span class='ocr_line' id='line_1_8' title="bbox 90 896 1221 976; baseline -0.003 -14"><span class='ocrx_word' id='word_1_66' title='bbox 90 896 92 899; x_wconf 65' lang='grc'><strong>’</strong></span> <span class='ocrx_word' id='word_1_67' title='bbox 160 903 269 964; x_wconf 87' lang='lat' dir='ltr'><strong>luntate</strong></span> <span class='ocrx_word' id='word_1_68' title='bbox 282 908 468 973; x_wconf 88' lang='lat' dir='ltr'><strong>moveantur,</strong></span> <span class='ocrx_word' id='word_1_69' title='bbox 488 900 531 960; x_wconf 89' lang='lat' dir='ltr'><strong>sio</strong></span> <span class='ocrx_word' id='word_1_70' title='bbox 549 899 670 960; x_wconf 86' lang='lat' dir='ltr'><strong>numine</strong></span> <span class='ocrx_word' id='word_1_71' title='bbox 685 899 808 959; x_wconf 86' lang='lat' dir='ltr'><strong>deorum</strong></span> <span class='ocrx_word' id='word_1_72' title='bbox 825 897 924 958; x_wconf 86' lang='lat' dir='ltr'><strong>omnia</strong></span> <span class='ocrx_word' id='word_1_73' title='bbox 939 897 1010 976; x_wconf 81' lang='lat' dir='ltr'><strong>tingi</strong></span> <span class='ocrx_word' id='word_1_74' title='bbox 1024 898 1139 959; x_wconf 81' lang='lat' dir='ltr'><strong>moueri</strong></span> <span class='ocrx_word' id='word_1_75' title='bbox 1153 915 1221 959; x_wconf 91' lang='lat' dir='ltr'><strong>mu-</strong></span> 
     </span>
     <span class='ocr_line' id='line_1_9' title="bbox 160 983 1221 1067; baseline -0.005 -19"><span class='ocrx_word' id='word_1_76' title='bbox 160 988 273 1067; x_wconf 90' lang='lat' dir='ltr'><strong>tarique</strong></span> <span class='ocrx_word' id='word_1_77' title='bbox 287 1005 385 1066; x_wconf 86' lang='lat' dir='ltr'><strong>posse.</strong></span> <span class='ocrx_word' id='word_1_78' title='bbox 416 985 515 1063; x_wconf 83' lang='lat' dir='ltr'>Neque</span> <span class='ocrx_word' id='word_1_79' title='bbox 534 984 563 1043; x_wconf 93' lang='lat' dir='ltr'><strong>id</strong></span> <span class='ocrx_word' id='word_1_80' title='bbox 580 983 673 1044; x_wconf 90' lang='lat' dir='ltr'><strong>dicitis</strong></span> <span class='ocrx_word' id='word_1_81' title='bbox 694 983 899 1061; x_wconf 86' lang='lat' dir='ltr'><strong>superstitiose</strong></span> <span class='ocrx_word' id='word_1_82' title='bbox 920 991 1005 1060; x_wconf 88' lang='lat' dir='ltr'><strong>atque</strong></span> <span class='ocrx_word' id='word_1_83' title='bbox 1024 983 1150 1056; x_wconf 85' lang='lat' dir='ltr'><strong>aniliter,</strong></span> <span class='ocrx_word' id='word_1_84' title='bbox 1170 983 1221 1043; x_wconf 88' lang='lat' dir='ltr'><strong>sed</strong></span> 
     </span>
     <span class='ocr_line' id='line_1_10' title="bbox 160 1066 1221 1151; baseline -0.004 -20"><span class='ocrx_word' id='word_1_85' title='bbox 160 1071 279 1151; x_wconf 82' lang='lat' dir='ltr'><strong>physica</strong></span> <span class='ocrx_word' id='word_1_86' title='bbox 295 1069 497 1148; x_wconf 82' lang='lat' dir='ltr'><strong>constantique</strong></span> <span class='ocrx_word' id='word_1_87' title='bbox 511 1067 631 1129; x_wconf 89' lang='lat' dir='ltr'><strong>ratione.</strong></span> <span class='ocrx_word' id='word_1_88' title='bbox 662 1067 809 1128; x_wconf 85' lang='lat' dir='ltr'><strong>Materiam</strong></span> <span class='ocrx_word' id='word_1_89' title='bbox 831 1066 909 1126; x_wconf 91' lang='lat' dir='ltr'><strong>enim</strong></span> <span class='ocrx_word' id='word_1_90' title='bbox 925 1085 1039 1139; x_wconf 89' lang='lat' dir='ltr'><strong>rerum,</strong></span> <span class='ocrx_word' id='word_1_91' title='bbox 1062 1087 1098 1127; x_wconf 83' lang='lat' dir='ltr'><strong>ex</strong></span> <span class='ocrx_word' id='word_1_92' title='bbox 1117 1075 1221 1145; x_wconf 89' lang='lat' dir='ltr'><strong>quaet</strong></span> 
     </span>
    </p>

    <p class='ocr_par' dir='ltr' id='par_1_5' title="bbox 158 1151 1221 1653">
     <span class='ocr_line' id='line_1_11' title="bbox 158 1151 1220 1234; baseline -0.005 -18"><span class='ocrx_word' id='word_1_93' title='bbox 158 1157 190 1216; x_wconf 92' lang='lat' dir='ltr'><strong>in</strong></span> <span class='ocrx_word' id='word_1_94' title='bbox 211 1155 387 1234; x_wconf 85' lang='lat' dir='ltr'><strong>quaomnia</strong></span> <span class='ocrx_word' id='word_1_95' title='bbox 407 1153 480 1227; x_wconf 93' lang='lat' dir='ltr'><strong>sint,</strong></span> <span class='ocrx_word' id='word_1_96' title='bbox 500 1160 591 1214; x_wconf 90' lang='lat' dir='ltr'><strong>totam</strong></span> <span class='ocrx_word' id='word_1_97' title='bbox 611 1171 678 1212; x_wconf 89' lang='lat' dir='ltr'><strong>esse</strong></span> <span class='ocrx_word' id='word_1_98' title='bbox 696 1151 850 1212; x_wconf 85' lang='lat' dir='ltr'><strong>llcxihilem</strong></span> <span class='ocrx_word' id='word_1_99' title='bbox 870 1159 898 1211; x_wconf 86' lang='lat' dir='ltr'><strong>et</strong></span> <span class='ocrx_word' id='word_1_100' title='bbox 918 1151 1170 1224; x_wconf 85' lang='lat' dir='ltr'><strong>commutabilem,</strong></span> <span class='ocrx_word' id='word_1_101' title='bbox 1190 1161 1220 1212; x_wconf 88' lang='lat' dir='ltr'><strong>ut</strong></span> 
     </span>
     <span class='ocr_line' id='line_1_12' title="bbox 160 1235 1221 1316; baseline -0.004 -16"><span class='ocrx_word' id='word_1_102' title='bbox 160 1241 231 1300; x_wconf 87' lang='lat' dir='ltr'><strong>nihil</strong></span> <span class='ocrx_word' id='word_1_103' title='bbox 246 1237 283 1298; x_wconf 87' lang='lat' dir='ltr'><strong>sit</strong></span> <span class='ocrx_word' id='word_1_104' title='bbox 298 1237 377 1316; x_wconf 90' lang='lat' dir='ltr'><strong>quod</strong></span> <span class='ocrx_word' id='word_1_105' title='bbox 392 1253 453 1296; x_wconf 94' lang='lat' dir='ltr'><strong>nou</strong></span> <span class='ocrx_word' id='word_1_106' title='bbox 469 1256 503 1316; x_wconf 83' lang='lat' dir='ltr'><strong>ex</strong></span> <span class='ocrx_word' id='word_1_107' title='bbox 519 1256 551 1297; x_wconf 91' lang='lat' dir='ltr'><strong>ea</strong></span> <span class='ocrx_word' id='word_1_108' title='bbox 564 1236 695 1314; x_wconf 88' lang='lat' dir='ltr'><strong>quamvis</strong></span> <span class='ocrx_word' id='word_1_109' title='bbox 711 1235 807 1297; x_wconf 85' lang='lat' dir='ltr'><strong>subito</strong></span> <span class='ocrx_word' id='word_1_110' title='bbox 822 1235 893 1313; x_wconf 86' lang='lat' dir='ltr'><strong>fingi</strong></span> <span class='ocrx_word' id='word_1_111' title='bbox 908 1235 1096 1314; x_wconf 89' lang='lat' dir='ltr'><strong>convertique</strong></span> <span class='ocrx_word' id='word_1_112' title='bbox 1110 1237 1221 1314; x_wconf 84' lang='lat' dir='ltr'><strong>possit;</strong></span> 
     </span>
     <span class='ocr_line' id='line_1_13' title="bbox 161 1319 1221 1384; baseline -0.004 0"><span class='ocrx_word' id='word_1_113' title='bbox 161 1323 224 1384; x_wconf 89' lang='lat' dir='ltr'><strong>eius</strong></span> <span class='ocrx_word' id='word_1_114' title='bbox 244 1331 340 1382; x_wconf 88' lang='lat' dir='ltr'><strong>autem</strong></span> <span class='ocrx_word' id='word_1_115' title='bbox 359 1321 512 1382; x_wconf 87' lang='lat' dir='ltr'><strong>universae</strong></span> <span class='ocrx_word' id='word_1_116' title='bbox 532 1320 671 1380; x_wconf 88' lang='lat' dir='ltr'><strong>fictricem</strong></span> <span class='ocrx_word' id='word_1_117' title='bbox 697 1327 726 1380; x_wconf 89' lang='lat' dir='ltr'><strong>et</strong></span> <span class='ocrx_word' id='word_1_118' title='bbox 751 1319 975 1381; x_wconf 87' lang='lat' dir='ltr'><strong>moderatricem</strong></span> <span class='ocrx_word' id='word_1_119' title='bbox 1001 1319 1130 1381; x_wconf 87' lang='lat' dir='ltr'><strong>divinam</strong></span> <span class='ocrx_word' id='word_1_120' title='bbox 1156 1339 1221 1382; x_wconf 90' lang='lat' dir='ltr'><strong>esse</strong></span> 
     </span>
     <span class='ocr_line' id='line_1_14' title="bbox 160 1404 1220 1485; baseline 0 -19"><span class='ocrx_word' id='word_1_121' title='bbox 160 1405 385 1485; x_wconf 86' lang='lat' dir='ltr'><strong>providentiam:</strong></span> <span class='ocrx_word' id='word_1_122' title='bbox 404 1406 482 1465; x_wconf 92' lang='lat' dir='ltr'><strong>hanc</strong></span> <span class='ocrx_word' id='word_1_123' title='bbox 495 1404 595 1482; x_wconf 89' lang='lat' dir='ltr'><strong>igitur,</strong></span> <span class='ocrx_word' id='word_1_124' title='bbox 610 1423 795 1484; x_wconf 88' lang='lat' dir='ltr'><strong>quocumque</strong></span> <span class='ocrx_word' id='word_1_125' title='bbox 810 1423 842 1464; x_wconf 87' lang='lat' dir='ltr'><strong>se</strong></span> <span class='ocrx_word' id='word_1_126' title='bbox 857 1412 986 1478; x_wconf 86' lang='lat' dir='ltr'><strong>moveat,</strong></span> <span class='ocrx_word' id='word_1_127' title='bbox 1002 1406 1117 1466; x_wconf 84' lang='lat' dir='ltr'><strong>allicere</strong></span> <span class='ocrx_word' id='word_1_128' title='bbox 1131 1424 1220 1483; x_wconf 86' lang='lat' dir='ltr'><strong>posse</strong></span> 
     </span>
     <span class='ocr_line' id='line_1_15' title="bbox 161 1488 1220 1571; baseline -0.003 -18"><span class='ocrx_word' id='word_1_129' title='bbox 161 1490 301 1571; x_wconf 90' lang='lat' dir='ltr'><strong>quidquid</strong></span> <span class='ocrx_word' id='word_1_130' title='bbox 317 1489 389 1550; x_wconf 86' lang='lat' dir='ltr'><strong>velit.</strong></span> <span class='ocrx_word' id='word_1_131' title='bbox 418 1489 518 1568; x_wconf 86' lang='lat' dir='ltr'><strong>ltaque</strong></span> <span class='ocrx_word' id='word_1_132' title='bbox 531 1496 580 1549; x_wconf 88' lang='lat' dir='ltr'><strong>aut</strong></span> <span class='ocrx_word' id='word_1_133' title='bbox 594 1488 687 1550; x_wconf 90' lang='lat' dir='ltr'><strong>nescit</strong></span> <span class='ocrx_word' id='word_1_134' title='bbox 702 1489 770 1568; x_wconf 92' lang='lat' dir='ltr'><strong>quid</strong></span> <span class='ocrx_word' id='word_1_135' title='bbox 785 1489 890 1567; x_wconf 87' lang='lat' dir='ltr'><strong>possit,</strong></span> <span class='ocrx_word' id='word_1_136' title='bbox 904 1497 953 1550; x_wconf 88' lang='lat' dir='ltr'><strong>aut</strong></span> <span class='ocrx_word' id='word_1_137' title='bbox 967 1490 1086 1568; x_wconf 83' lang='lat' dir='ltr'><strong>negligit</strong></span> <span class='ocrx_word' id='word_1_138' title='bbox 1100 1508 1148 1550; x_wconf 90' lang='lat' dir='ltr'><strong>res</strong></span> <span class='ocrx_word' id='word_1_139' title='bbox 1163 1489 1220 1550; x_wconf 93' lang='lat' dir='ltr'><strong>hu·</strong></span> 
     </span>
     <span class='ocr_line' id='line_1_16' title="bbox 161 1573 1221 1653; baseline -0.002 -17"><span class='ocrx_word' id='word_1_140' title='bbox 161 1593 274 1647; x_wconf 78' lang='lat' dir='ltr'><strong>manae,</strong></span> <span class='ocrx_word' id='word_1_141' title='bbox 294 1581 355 1644; x_wconf 83' lang='lat' dir='ltr'><strong>aut,</strong></span> <span class='ocrx_word' id='word_1_142' title='bbox 377 1574 445 1652; x_wconf 89' lang='lat' dir='ltr'><strong>quid</strong></span> <span class='ocrx_word' id='word_1_143' title='bbox 466 1574 504 1634; x_wconf 90' lang='lat' dir='ltr'><strong>sit</strong></span> <span class='ocrx_word' id='word_1_144' title='bbox 523 1573 683 1653; x_wconf 85' lang='lat' dir='ltr'><strong>optimum,</strong></span> <span class='ocrx_word' id='word_1_145' title='bbox 701 1591 762 1634; x_wconf 93' lang='lat' dir='ltr'><strong>non</strong></span> <span class='ocrx_word' id='word_1_146' title='bbox 776 1581 876 1652; x_wconf 82' lang='lat' dir='ltr'><strong>polest</strong></span> <span class='ocrx_word' id='word_1_147' title='bbox 889 1573 1025 1635; x_wconf 89' lang='lat' dir='ltr'><strong>iudicare.</strong></span> <span class='ocrx_word' id='word_1_148' title='bbox 1056 1575 1125 1634; x_wconf 92' lang='lat' dir='ltr'><strong>Non</strong></span> <span class='ocrx_word' id='word_1_149' title='bbox 1141 1584 1221 1635; x_wconf 87' lang='lat' dir='ltr'><strong>curat</strong></span> 
     </span>
    </p>

    <p class='ocr_par' dir='ltr' id='par_1_6' title="bbox 107 1657 1220 1992">
     <span class='ocr_line' id='line_1_17' title="bbox 107 1657 1220 1738; baseline 0.001 -21"><span class='ocrx_word' id='word_1_150' title='bbox 107 1667 139 1718; x_wconf 80' lang='grc'><strong>93</strong></span> <span class='ocrx_word' id='word_1_151' title='bbox 161 1661 293 1737; x_wconf 89' lang='lat' dir='ltr'><strong>singulos</strong></span> <span class='ocrx_word' id='word_1_152' title='bbox 309 1659 453 1720; x_wconf 89' lang='lat' dir='ltr'><strong>homines.</strong></span> <span class='ocrx_word' id='word_1_153' title='bbox 482 1658 549 1718; x_wconf 92' lang='lat' dir='ltr'><strong>Non</strong></span> <span class='ocrx_word' id='word_1_154' title='bbox 568 1657 690 1718; x_wconf 89' lang='lat' dir='ltr'><strong>mirum:</strong></span> <span class='ocrx_word' id='word_1_155' title='bbox 710 1676 748 1719; x_wconf 92' lang='lat' dir='ltr'><strong>ne</strong></span> <span class='ocrx_word' id='word_1_156' title='bbox 768 1657 895 1718; x_wconf 88' lang='lat' dir='ltr'><strong>civitates</strong></span> <span class='ocrx_word' id='word_1_157' title='bbox 911 1657 1137 1738; x_wconf 87' lang='lat' dir='ltr'><strong>quidem-Non</strong></span> <span class='ocrx_word' id='word_1_158' title='bbox 1150 1657 1220 1719; x_wconf 78' lang='lat' dir='ltr'><strong>eas?</strong></span> 
     </span>
     <span class='ocr_line' id='line_1_18' title="bbox 160 1741 1219 1822; baseline -0.001 -18"><span class='ocrx_word' id='word_1_159' title='bbox 160 1761 197 1804; x_wconf 91' lang='lat' dir='ltr'><strong>ne</strong></span> <span class='ocrx_word' id='word_1_160' title='bbox 211 1743 346 1805; x_wconf 87' lang='lat' dir='ltr'><strong>nationes</strong></span> <span class='ocrx_word' id='word_1_161' title='bbox 359 1743 477 1822; x_wconf 88' lang='lat' dir='ltr'><strong>quidem</strong></span> <span class='ocrx_word' id='word_1_162' title='bbox 492 1749 640 1820; x_wconf 82' lang='lat' dir='ltr'><strong>algentes.</strong></span> <span class='ocrx_word' id='word_1_163' title='bbox 670 1743 783 1815; x_wconf 88' lang='lat' dir='ltr'><strong>Quodsi</strong></span> <span class='ocrx_word' id='word_1_164' title='bbox 795 1743 848 1803; x_wconf 89' lang='lat' dir='ltr'><strong>has</strong></span> <span class='ocrx_word' id='word_1_165' title='bbox 860 1741 946 1802; x_wconf 87' lang='lat' dir='ltr'><strong>etiam</strong></span> <span class='ocrx_word' id='word_1_166' title='bbox 958 1751 1136 1816; x_wconf 84' lang='lat' dir='ltr'><strong>contemnet,</strong></span> <span class='ocrx_word' id='word_1_167' title='bbox 1152 1743 1219 1820; x_wconf 94' lang='lat' dir='ltr'><strong>quid</strong></span> 
     </span>
     <span class='ocr_line' id='line_1_19' title="bbox 161 1825 1219 1906; baseline -0.002 -16"><span class='ocrx_word' id='word_1_168' title='bbox 161 1829 267 1890; x_wconf 90' lang='lat' dir='ltr'><strong>mirum</strong></span> <span class='ocrx_word' id='word_1_169' title='bbox 283 1835 328 1888; x_wconf 89' lang='lat' dir='ltr'><strong>est</strong></span> <span class='ocrx_word' id='word_1_170' title='bbox 343 1845 431 1888; x_wconf 90' lang='lat' dir='ltr'><strong>omne</strong></span> <span class='ocrx_word' id='word_1_171' title='bbox 445 1827 481 1887; x_wconf 90' lang='lat' dir='ltr'><strong>ah</strong></span> <span class='ocrx_word' id='word_1_172' title='bbox 497 1845 529 1886; x_wconf 87' lang='lat' dir='ltr'><strong>ca</strong></span> <span class='ocrx_word' id='word_1_173' title='bbox 545 1843 638 1904; x_wconf 88' lang='lat' dir='ltr'><strong>genus</strong></span> <span class='ocrx_word' id='word_1_174' title='bbox 653 1828 816 1887; x_wconf 91' lang='lat' dir='ltr'><strong>humanum</strong></span> <span class='ocrx_word' id='word_1_175' title='bbox 832 1845 897 1886; x_wconf 88' lang='lat' dir='ltr'><strong>esse</strong></span> <span class='ocrx_word' id='word_1_176' title='bbox 911 1825 1139 1906; x_wconf 76' lang='lat' dir='ltr'><strong>contemptum?</strong></span> <span class='ocrx_word' id='word_1_177' title='bbox 1163 1827 1219 1888; x_wconf 88' lang='lat' dir='ltr'><strong>Sed</strong></span> 
     </span>
     <span class='ocr_line' id='line_1_20' title="bbox 161 1911 1220 1992; baseline -0.003 -17"><span class='ocrx_word' id='word_1_178' title='bbox 161 1931 220 1992; x_wconf 89' lang='lat' dir='ltr'><strong>quo</strong></span> <span class='ocrx_word' id='word_1_179' title='bbox 236 1913 327 1974; x_wconf 90' lang='lat' dir='ltr'><strong>modo</strong></span> <span class='ocrx_word' id='word_1_180' title='bbox 343 1911 430 1973; x_wconf 90' lang='lat' dir='ltr'><strong>iidem</strong></span> <span class='ocrx_word' id='word_1_181' title='bbox 447 1911 541 1972; x_wconf 85' lang='lat' dir='ltr'><strong>dicitis</strong></span> <span class='ocrx_word' id='word_1_182' title='bbox 555 1929 617 1972; x_wconf 94' lang='lat' dir='ltr'><strong>non</strong></span> <span class='ocrx_word' id='word_1_183' title='bbox 633 1911 731 1972; x_wconf 91' lang='lat' dir='ltr'><strong>omnia</strong></span> <span class='ocrx_word' id='word_1_184' title='bbox 747 1912 818 1972; x_wconf 88' lang='lat' dir='ltr'><strong>deos</strong></span> <span class='ocrx_word' id='word_1_185' title='bbox 834 1911 985 1990; x_wconf 85' lang='lat' dir='ltr'><strong>persequi,</strong></span> <span class='ocrx_word' id='word_1_186' title='bbox 1000 1912 1088 1972; x_wconf 89' lang='lat' dir='ltr'><strong>iidem</strong></span> <span class='ocrx_word' id='word_1_187' title='bbox 1103 1913 1190 1972; x_wconf 87' lang='lat' dir='ltr'><strong>vultis</strong></span> <span class='ocrx_word' id='word_1_188' title='bbox 1204 1931 1220 1972; x_wconf 82' lang='lat' dir='ltr'><strong>c</strong></span> 
     </span>
    </p>
   </div>
   <div class='ocr_carea' id='block_1_4' title="bbox 65 2111 1283 3935">
    <p class='ocr_par' dir='ltr' id='par_1_7' title="bbox 158 2111 1220 2518">
     <span class='ocr_line' id='line_1_21' title="bbox 193 2111 1220 2181; baseline 0.002 -19"><span class='ocrx_word' id='word_1_189' title='bbox 193 2113 348 2177; x_wconf 73' lang='lat' dir='ltr'><strong>Hasdrubal,</strong></span> <span class='ocrx_word' id='word_1_190' title='bbox 371 2111 565 2174; x_wconf 81' lang='lat' dir='ltr'><strong>iiarthagischer</strong></span> <span class='ocrx_word' id='word_1_191' title='bbox 585 2111 662 2161; x_wconf 80' lang='lat' dir='ltr'><strong>Feld-</strong></span> <span class='ocrx_word' id='word_1_192' title='bbox 717 2117 832 2181; x_wconf 69' lang='lat' dir='ltr'><strong>eorporis</strong></span> <span class='ocrx_word' id='word_1_193' title='bbox 855 2113 948 2163; x_wconf 84' lang='lat' dir='ltr'><strong>molem</strong></span> <span class='ocrx_word' id='word_1_194' title='bbox 972 2118 1099 2180; x_wconf 73' lang='lat' dir='ltr'><strong>imperat</strong></span> <span class='ocrx_word' id='word_1_195' title='bbox 1119 2129 1149 2164; x_wconf 85' lang='lat' dir='ltr'><strong>ac</strong></span> <span class='ocrx_word' id='word_1_196' title='bbox 1168 2113 1220 2178; x_wconf 81' lang='lat' dir='ltr'><strong>ste·</strong></span> 
     </span>
     <span class='ocr_line' id='line_1_22' title="bbox 158 2179 843 2242; baseline -0.006 -12"><span class='ocrx_word' id='word_1_197' title='bbox 158 2179 220 2230; x_wconf 87' lang='lat' dir='ltr'><strong>herr</strong></span> <span class='ocrx_word' id='word_1_198' title='bbox 231 2180 256 2227; x_wconf 88' lang='lat' dir='ltr'><strong>in</strong></span> <span class='ocrx_word' id='word_1_199' title='bbox 268 2180 323 2228; x_wconf 89' lang='lat' dir='ltr'><strong>dem</strong></span> <span class='ocrx_word' id='word_1_200' title='bbox 334 2179 426 2242; x_wconf 77' lang='lat' dir='ltr'><strong>liriegc</strong></span> <span class='ocrx_word' id='word_1_201' title='bbox 443 2195 522 2241; x_wconf 86' lang='lat' dir='ltr'><strong>gegen</strong></span> <span class='ocrx_word' id='word_1_202' title='bbox 535 2180 583 2228; x_wconf 84' lang='lat' dir='ltr'><strong>deu</strong></span> <span class='ocrx_word' id='word_1_203' title='bbox 597 2179 662 2228; x_wconf 85' lang='lat' dir='ltr'><strong>Buc-</strong></span> <span class='ocrx_word' id='word_1_204' title='bbox 717 2185 769 2232; x_wconf 70' lang='lat' dir='ltr'><strong>etit.</strong></span> <span class='ocrx_word' id='word_1_205' title='bbox 836 2189 843 2198; x_wconf 57' lang='lat'>⁸</span> 
     </span>
     <span class='ocr_line' id='line_1_23' title="bbox 160 2245 1220 2314; baseline 0.002 -18"><span class='ocrx_word' id='word_1_206' title='bbox 160 2249 331 2309; x_wconf 86' lang='lat' dir='ltr'><strong>dcsgenosseu</strong></span> <span class='ocrx_word' id='word_1_207' title='bbox 346 2247 391 2296; x_wconf 84' lang='lat' dir='ltr'><strong>cler</strong></span> <span class='ocrx_word' id='word_1_208' title='bbox 408 2245 512 2308; x_wconf 72' lang='lat' dir='ltr'><strong>himer,</strong></span> <span class='ocrx_word' id='word_1_209' title='bbox 529 2245 664 2295; x_wconf 82' lang='lat' dir='ltr'><strong>Masinissa</strong></span> <span class='ocrx_word' id='word_1_210' title='bbox 749 2250 888 2298; x_wconf 71' lang='lat' dir='ltr'><strong>maiomam</strong></span> <span class='ocrx_word' id='word_1_211' title='bbox 902 2263 1002 2309; x_wconf 81' lang='lat' dir='ltr'><strong>rerum,</strong></span> <span class='ocrx_word' id='word_1_212' title='bbox 1024 2265 1060 2298; x_wconf 74' lang='lat' dir='ltr'><strong>cm</strong></span> <span class='ocrx_word' id='word_1_213' title='bbox 1080 2265 1130 2314; x_wconf 85' lang='lat' dir='ltr'><strong>quo</strong></span> <span class='ocrx_word' id='word_1_214' title='bbox 1150 2252 1175 2298; x_wconf 83' lang='lat' dir='ltr'><strong>et</strong></span> <span class='ocrx_word' id='word_1_215' title='bbox 1194 2252 1220 2298; x_wconf 79' lang='lat' dir='ltr'><strong>in</strong></span> 
     </span>
     <span class='ocr_line' id='line_1_24' title="bbox 159 2309 1220 2380; baseline 0.002 -16"><span class='ocrx_word' id='word_1_216' title='bbox 159 2329 209 2364; x_wconf 89' lang='lat' dir='ltr'><strong>von</strong></span> <span class='ocrx_word' id='word_1_217' title='bbox 222 2313 365 2376; x_wconf 86' lang='lat' dir='ltr'><strong>Numidien,</strong></span> <span class='ocrx_word' id='word_1_218' title='bbox 387 2312 498 2363; x_wconf 76' lang='lat' dir='ltr'><strong>welches</strong></span> <span class='ocrx_word' id='word_1_219' title='bbox 516 2309 596 2375; x_wconf 81' lang='lat' dir='ltr'><strong>lirieg</strong></span> <span class='ocrx_word' id='word_1_220' title='bbox 616 2313 662 2362; x_wconf 87' lang='lat' dir='ltr'><strong>dcn</strong></span> <span class='ocrx_word' id='word_1_221' title='bbox 716 2331 767 2380; x_wconf 81' lang='lat' dir='ltr'><strong>qua</strong></span> <span class='ocrx_word' id='word_1_222' title='bbox 791 2319 875 2366; x_wconf 81' lang='lat' dir='ltr'><strong>omnia</strong></span> <span class='ocrx_word' id='word_1_223' title='bbox 897 2317 959 2365; x_wconf 74' lang='lat' dir='ltr'><strong>siut</strong></span> <span class='ocrx_word' id='word_1_224' title='bbox 1001 2315 1055 2366; x_wconf 86' lang='lat' dir='ltr'><strong>Zur</strong></span> <span class='ocrx_word' id='word_1_225' title='bbox 1078 2317 1220 2380; x_wconf 82' lang='lat' dir='ltr'><strong>llrhliirung</strong></span> 
     </span>
     <span class='ocr_line' id='line_1_25' title="bbox 159 2379 1217 2450; baseline 0 -18"><span class='ocrx_word' id='word_1_226' title='bbox 159 2381 267 2432; x_wconf 80' lang='lat' dir='ltr'><strong>hilmeru</strong></span> <span class='ocrx_word' id='word_1_227' title='bbox 284 2382 331 2431; x_wconf 89' lang='lat' dir='ltr'><strong>‹len</strong></span> <span class='ocrx_word' id='word_1_228' title='bbox 349 2381 475 2432; x_wconf 85' lang='lat' dir='ltr'><strong>Vorwand</strong></span> <span class='ocrx_word' id='word_1_229' title='bbox 496 2394 553 2430; x_wconf 83' lang='lat' dir='ltr'><strong>zum</strong></span> <span class='ocrx_word' id='word_1_230' title='bbox 569 2379 663 2430; x_wconf 89' lang='lat' dir='ltr'><strong>dritten</strong></span> <span class='ocrx_word' id='word_1_231' title='bbox 716 2381 783 2433; x_wconf 86' lang='lat' dir='ltr'><strong>hanu</strong></span> <span class='ocrx_word' id='word_1_232' title='bbox 795 2384 892 2450; x_wconf 79' lang='lat' dir='ltr'><strong>dieuco,</strong></span> <span class='ocrx_word' id='word_1_233' title='bbox 904 2398 957 2433; x_wconf 85' lang='lat' dir='ltr'><strong>wcs</strong></span> <span class='ocrx_word' id='word_1_234' title='bbox 970 2383 1020 2433; x_wconf 76' lang='lat' dir='ltr'><strong>Cic,</strong></span> <span class='ocrx_word' id='word_1_235' title='bbox 1034 2382 1112 2434; x_wconf 75' lang='lat' dir='ltr'><strong>head.</strong></span> <span class='ocrx_word' id='word_1_236' title='bbox 1126 2383 1144 2448; x_wconf 89' lang='lat' dir='ltr'><strong>l,</strong></span> <span class='ocrx_word' id='word_1_237' title='bbox 1156 2385 1178 2448; x_wconf 83' lang='lat' dir='ltr'><strong>i,</strong></span> <span class='ocrx_word' id='word_1_238' title='bbox 1187 2383 1217 2432; x_wconf 78' lang='lat'><strong>27</strong></span> 
     </span>
     <span class='ocr_line' id='line_1_26' title="bbox 158 2447 1219 2518; baseline 0 -18"><span class='ocrx_word' id='word_1_239' title='bbox 158 2449 298 2500; x_wconf 87' lang='lat' dir='ltr'><strong>Puuischcn</strong></span> <span class='ocrx_word' id='word_1_240' title='bbox 310 2447 403 2513; x_wconf 82' lang='lat' dir='ltr'><strong>liricge</strong></span> <span class='ocrx_word' id='word_1_241' title='bbox 416 2447 472 2512; x_wconf 84' lang='lat' dir='ltr'><strong>gah.</strong></span> <span class='ocrx_word' id='word_1_242' title='bbox 716 2457 783 2514; x_wconf 83' lang='lat' dir='ltr'><strong>sogt:</strong></span> <span class='ocrx_word' id='word_1_243' title='bbox 793 2453 931 2502; x_wconf 76' lang='lat' dir='ltr'><strong>subiectum</strong></span> <span class='ocrx_word' id='word_1_244' title='bbox 939 2455 1033 2518; x_wconf 71' lang='lat' dir='ltr'><strong>putaret</strong></span> <span class='ocrx_word' id='word_1_245' title='bbox 1042 2451 1219 2518; x_wconf 66' lang='lat' dir='ltr'><strong>(Peripatetici</strong></span> 
     </span>
    </p>

    <p class='ocr_par' dir='ltr' id='par_1_8' title="bbox 194 2508 1219 2583">
     <span class='ocr_line' id='line_1_27' title="bbox 194 2508 1219 2583; baseline -0.002 -14"><span class='ocrx_word' id='word_1_246' title='bbox 194 2508 247 2569; x_wconf 80' lang='grc'><strong>89.</strong></span> <span class='ocrx_word' id='word_1_247' title='bbox 266 2516 306 2567; x_wconf 85' lang='lat'><strong>92.</strong></span> <span class='ocrx_word' id='word_1_248' title='bbox 319 2522 349 2568; x_wconf 84' lang='lat' dir='ltr'><strong>ut</strong></span> <span class='ocrx_word' id='word_1_249' title='bbox 361 2519 428 2567; x_wconf 78' lang='lat' dir='ltr'><strong>enirn</strong></span> <span class='ocrx_word' id='word_1_250' title='bbox 438 2517 569 2567; x_wconf 69' lang='lat' dir='ltr'><strong>decumum</strong></span> <span class='ocrx_word' id='word_1_251' title='bbox 580 2530 662 2565; x_wconf 82' lang='lat' dir='ltr'><strong>mem·</strong></span> <span class='ocrx_word' id='word_1_252' title='bbox 715 2522 741 2567; x_wconf 85' lang='lat' dir='ltr'><strong>ot</strong></span> <span class='ocrx_word' id='word_1_253' title='bbox 751 2522 849 2568; x_wconf 76' lang='lat' dir='ltr'><strong>uetares</strong></span> <span class='ocrx_word' id='word_1_254' title='bbox 860 2518 1018 2583; x_wconf 68' lang='lat' dir='ltr'><strong>Academici)</strong></span> <span class='ocrx_word' id='word_1_255' title='bbox 1037 2521 1155 2570; x_wconf 76' lang='lat' dir='ltr'><strong>munibus</strong></span> <span class='ocrx_word' id='word_1_256' title='bbox 1166 2522 1219 2568; x_wconf 76' lang='lat' dir='ltr'><strong>scire</strong></span> 
     </span>
    </p>

    <p class='ocr_par' dir='ltr' id='par_1_9' title="bbox 65 2583 1219 2653">
     <span class='ocr_line' id='line_1_28' title="bbox 65 2583 1219 2653; baseline -0.002 -17"><span class='ocrx_word' id='word_1_257' title='bbox 65 2610 67 2620; x_wconf 35' lang='grc' dir='ltr'><em>ι</em></span> <span class='ocrx_word' id='word_1_258' title='bbox 159 2588 265 2636; x_wconf 78' lang='lat' dir='ltr'><strong>bracio.</strong></span> <span class='ocrx_word' id='word_1_259' title='bbox 281 2583 662 2648; x_wconf 79' lang='lat' dir='ltr'><strong>Disselhchrgleiehnnguueh</strong></span> <span class='ocrx_word' id='word_1_260' title='bbox 714 2585 766 2636; x_wconf 84' lang='lat' dir='ltr'><strong>ullu</strong></span> <span class='ocrx_word' id='word_1_261' title='bbox 788 2589 871 2653; x_wconf 76' lang='lat' dir='ltr'><strong>specie</strong></span> <span class='ocrx_word' id='word_1_262' title='bbox 897 2591 973 2651; x_wconf 83' lang='lat' dir='ltr'><strong>utque</strong></span> <span class='ocrx_word' id='word_1_263' title='bbox 997 2591 1128 2636; x_wconf 74' lang='lat' dir='ltr'><strong>carmeiam</strong></span> <span class='ocrx_word' id='word_1_264' title='bbox 1152 2589 1219 2638; x_wconf 77' lang='lat' dir='ltr'><strong>omui</strong></span> 
     </span>
    </p>

    <p class='ocr_par' dir='ltr' id='par_1_10' title="bbox 151 2651 1283 3935">
     <span class='ocr_line' id='line_1_29' title="bbox 158 2651 1219 2719; baseline 0.001 -16"><span class='ocrx_word' id='word_1_265' title='bbox 158 2654 189 2703; x_wconf 90' lang='lat' dir='ltr'><strong>de</strong></span> <span class='ocrx_word' id='word_1_266' title='bbox 202 2653 258 2703; x_wconf 86' lang='lat' dir='ltr'><strong>Div.</strong></span> <span class='ocrx_word' id='word_1_267' title='bbox 271 2651 291 2716; x_wconf 87' lang='lat'><strong>1,</strong></span> <span class='ocrx_word' id='word_1_268' title='bbox 303 2653 348 2714; x_wconf 82' lang='lat'><strong>53,</strong></span> <span class='ocrx_word' id='word_1_269' title='bbox 364 2652 424 2702; x_wconf 81' lang='lat'><strong>120:</strong></span> <span class='ocrx_word' id='word_1_270' title='bbox 447 2651 662 2702; x_wconf 73' lang='lat' dir='ltr'><strong>ummnatomna</strong></span> <span class='ocrx_word' id='word_1_271' title='bbox 714 2653 837 2719; x_wconf 77' lang='lat' dir='ltr'><strong>qualitate</strong></span> <span class='ocrx_word' id='word_1_272' title='bbox 857 2657 993 2704; x_wconf 71' lang='lat' dir='ltr'><strong>stratorium</strong></span> <span class='ocrx_word' id='word_1_273' title='bbox 1016 2654 1159 2719; x_wconf 78' lang='lat' dir='ltr'><strong>quundmn,</strong></span> <span class='ocrx_word' id='word_1_274' title='bbox 1185 2669 1219 2704; x_wconf 72' lang='lat' dir='ltr'><strong>ec</strong></span> 
     </span>
     <span class='ocr_line' id='line_1_30' title="bbox 157 2720 1283 2790; baseline 0.001 -20"><span class='ocrx_word' id='word_1_275' title='bbox 157 2721 302 2771; x_wconf 78' lang='lat' dir='ltr'><strong>utmdtita</strong></span> <span class='ocrx_word' id='word_1_276' title='bbox 313 2723 479 2771; x_wconf 80' lang='lat' dir='ltr'><strong>utiturmotu</strong></span> <span class='ocrx_word' id='word_1_277' title='bbox 491 2721 535 2769; x_wconf 79' lang='lat' dir='ltr'><strong>sui</strong></span> <span class='ocrx_word' id='word_1_278' title='bbox 545 2720 662 2785; x_wconf 72' lang='lat' dir='ltr'><strong>corporis</strong></span> <span class='ocrx_word' id='word_1_279' title='bbox 715 2737 765 2786; x_wconf 88' lang='lat' dir='ltr'><strong>quu</strong></span> <span class='ocrx_word' id='word_1_280' title='bbox 785 2724 870 2771; x_wconf 81' lang='lat' dir='ltr'><strong>omnio</strong></span> <span class='ocrx_word' id='word_1_281' title='bbox 891 2737 1016 2790; x_wconf 68' lang='lat' dir='ltr'><strong>carpressc</strong></span> <span class='ocrx_word' id='word_1_282' title='bbox 1036 2727 1113 2786; x_wconf 82' lang='lat' dir='ltr'><strong>utque</strong></span> <span class='ocrx_word' id='word_1_283' title='bbox 1133 2723 1219 2787; x_wconf 76' lang='lat' dir='ltr'><strong>qffieta</strong></span> <span class='ocrx_word' id='word_1_284' title='bbox 1274 2737 1283 2750; x_wconf 63' lang='lat'><em>*</em></span> 
     </span>
     <span class='ocr_line' id='line_1_31' title="bbox 156 2788 1217 2858; baseline 0 -20"><span class='ocrx_word' id='word_1_285' title='bbox 156 2803 248 2856; x_wconf 82' lang='lat' dir='ltr'><strong>prono,</strong></span> <span class='ocrx_word' id='word_1_286' title='bbox 261 2789 370 2854; x_wconf 78' lang='lat' dir='ltr'><strong>obliquo,</strong></span> <span class='ocrx_word' id='word_1_287' title='bbox 382 2791 487 2854; x_wconf 72' lang='lat' dir='ltr'><strong>supino,</strong></span> <span class='ocrx_word' id='word_1_288' title='bbox 498 2788 663 2851; x_wconf 74' lang='lat' dir='ltr'><strong>munhraque</strong></span> <span class='ocrx_word' id='word_1_289' title='bbox 715 2791 781 2839; x_wconf 63' lang='lat' dir='ltr'><strong>mut:</strong></span> <span class='ocrx_word' id='word_1_290' title='bbox 794 2805 860 2854; x_wconf 85' lang='lat' dir='ltr'><strong>quac</strong></span> <span class='ocrx_word' id='word_1_291' title='bbox 872 2793 927 2839; x_wconf 84' lang='lat' dir='ltr'><strong>tota</strong></span> <span class='ocrx_word' id='word_1_292' title='bbox 939 2791 1025 2839; x_wconf 84' lang='lat' dir='ltr'><strong>omnio</strong></span> <span class='ocrx_word' id='word_1_293' title='bbox 1035 2793 1151 2858; x_wconf 58' lang='lat' dir='ltr'><strong>accipere</strong></span> <span class='ocrx_word' id='word_1_294' title='bbox 1159 2805 1217 2857; x_wconf 80' lang='lat' dir='ltr'><strong>poo-</strong></span> 
     </span>
     <span class='ocr_line' id='line_1_32' title="bbox 158 2856 1218 2922; baseline 0 -16"><span class='ocrx_word' id='word_1_295' title='bbox 158 2871 306 2922; x_wconf 85' lang='lat' dir='ltr'><strong>quocunquc</strong></span> <span class='ocrx_word' id='word_1_296' title='bbox 323 2857 378 2906; x_wconf 84' lang='lat' dir='ltr'><strong>uult</strong></span> <span class='ocrx_word' id='word_1_297' title='bbox 390 2857 489 2922; x_wconf 79' lang='lat' dir='ltr'><strong>flectit,</strong></span> <span class='ocrx_word' id='word_1_298' title='bbox 507 2857 661 2918; x_wconf 80' lang='lat' dir='ltr'><strong>contorquet,</strong></span> <span class='ocrx_word' id='word_1_299' title='bbox 715 2859 756 2922; x_wconf 78' lang='lat' dir='ltr'><strong>cit,</strong></span> <span class='ocrx_word' id='word_1_300' title='bbox 769 2859 934 2922; x_wconf 79' lang='lat' dir='ltr'><strong>omnibusque</strong></span> <span class='ocrx_word' id='word_1_301' title='bbox 944 2856 1027 2908; x_wconf 76' lang='lat' dir='ltr'><strong>orodis</strong></span> <span class='ocrx_word' id='word_1_302' title='bbox 1038 2860 1218 2922; x_wconf 66' lang='lat' dir='ltr'><strong>onutmdotquo</strong></span> 
     </span>
     <span class='ocr_line' id='line_1_33' title="bbox 156 2922 1218 2992; baseline 0 -19"><span class='ocrx_word' id='word_1_303' title='bbox 156 2926 280 2988; x_wconf 69' lang='lat' dir='ltr'><strong>porng&#39;it,</strong></span> <span class='ocrx_word' id='word_1_304' title='bbox 294 2925 435 2986; x_wconf 78' lang='lat' dir='ltr'><strong>contrudit,</strong></span> <span class='ocrx_word' id='word_1_305' title='bbox 452 2939 531 2988; x_wconf 86' lang='lat' dir='ltr'><strong>eoque</strong></span> <span class='ocrx_word' id='word_1_306' title='bbox 545 2925 606 2972; x_wconf 84' lang='lat' dir='ltr'><strong>onte</strong></span> <span class='ocrx_word' id='word_1_307' title='bbox 621 2922 661 2986; x_wconf 75' lang='lat' dir='ltr'><strong>qs-</strong></span> <span class='ocrx_word' id='word_1_308' title='bbox 715 2941 749 2975; x_wconf 72' lang='lat' dir='ltr'><strong>ecc</strong></span> <span class='ocrx_word' id='word_1_309' title='bbox 759 2927 911 2992; x_wconf 75' lang='lat' dir='ltr'><strong>crnnipmtc</strong></span> <span class='ocrx_word' id='word_1_310' title='bbox 920 2929 966 2976; x_wconf 86' lang='lat' dir='ltr'><strong>ato.</strong></span> <span class='ocrx_word' id='word_1_311' title='bbox 984 2924 1041 2988; x_wconf 90' lang='lat' dir='ltr'><strong>Vgl.</strong></span> <span class='ocrx_word' id='word_1_312' title='bbox 1051 2924 1116 2976; x_wconf 74' lang='lat' dir='ltr'><strong>ruo</strong></span> <span class='ocrx_word' id='word_1_313' title='bbox 1126 2923 1218 2974; x_wconf 75' lang='lat' dir='ltr'><strong>Timore.</strong></span> 
     </span>
     <span class='ocr_line' id='line_1_34' title="bbox 151 2987 1217 3058; baseline 0.004 -21"><span class='ocrx_word' id='word_1_314' title='bbox 151 2991 214 3052; x_wconf 77' lang='lat' dir='ltr'><strong>ficit</strong></span> <span class='ocrx_word' id='word_1_315' title='bbox 222 3005 304 3055; x_wconf 78' lang='lat' dir='ltr'><strong>posue</strong></span> <span class='ocrx_word' id='word_1_316' title='bbox 316 3006 392 3054; x_wconf 70' lang='lat' dir='ltr'><strong>qucum</strong></span> <span class='ocrx_word' id='word_1_317' title='bbox 403 2993 512 3054; x_wconf 72' lang='lat' dir='ltr'><strong>cogitat,</strong></span> <span class='ocrx_word' id='word_1_318' title='bbox 530 2993 622 3054; x_wconf 79' lang='lat' dir='ltr'><strong>quanto</strong></span> <span class='ocrx_word' id='word_1_319' title='bbox 635 2987 663 3038; x_wconf 79' lang='lat' dir='ltr'><strong>id</strong></span> <span class='ocrx_word' id='word_1_320' title='bbox 715 3008 738 3058; x_wconf 83' lang='lat' dir='ltr'><strong>p.</strong></span> <span class='ocrx_word' id='word_1_321' title='bbox 750 2992 779 3041; x_wconf 84' lang='lat'><strong>51</strong></span> <span class='ocrx_word' id='word_1_322' title='bbox 791 2991 822 3042; x_wconf 75' lang='grc' dir='ltr'><strong>Α.</strong></span> <span class='ocrx_word' id='word_1_323' title='bbox 848 2991 923 3043; x_wconf 81' lang='lat' dir='ltr'><strong>Dicae</strong></span> <span class='ocrx_word' id='word_1_324' title='bbox 936 2991 1085 3055; x_wconf 79' lang='lat' dir='ltr'><strong>Urmaterie,</strong></span> <span class='ocrx_word' id='word_1_325' title='bbox 1097 3007 1144 3042; x_wconf 81' lang='lat' dir='ltr'><strong>aus</strong></span> <span class='ocrx_word' id='word_1_326' title='bbox 1156 2992 1217 3042; x_wconf 76' lang='lat' dir='ltr'><strong>wel·</strong></span> 
     </span>
     <span class='ocr_line' id='line_1_35' title="bbox 158 3055 1217 3123; baseline 0.005 -19"><span class='ocrx_word' id='word_1_327' title='bbox 158 3055 205 3104; x_wconf 83' lang='lat' dir='ltr'><strong>deo</strong></span> <span class='ocrx_word' id='word_1_328' title='bbox 218 3057 388 3119; x_wconf 78' lang='lat' dir='ltr'><strong>eetsactliue,</strong></span> <span class='ocrx_word' id='word_1_329' title='bbox 400 3060 473 3106; x_wconf 83' lang='lat' dir='ltr'><strong>cuius</strong></span> <span class='ocrx_word' id='word_1_330' title='bbox 484 3059 607 3106; x_wconf 79' lang='lat' dir='ltr'><strong>numiui</strong></span> <span class='ocrx_word' id='word_1_331' title='bbox 615 3071 662 3122; x_wconf 83' lang='lat' dir='ltr'><strong>pa·</strong></span> <span class='ocrx_word' id='word_1_332' title='bbox 716 3060 775 3108; x_wconf 90' lang='lat' dir='ltr'><strong>cher</strong></span> <span class='ocrx_word' id='word_1_333' title='bbox 787 3060 826 3109; x_wconf 89' lang='lat' dir='ltr'><strong>die</strong></span> <span class='ocrx_word' id='word_1_334' title='bbox 839 3067 1011 3123; x_wconf 86' lang='lat' dir='ltr'><strong>sogcnanutcn</strong></span> <span class='ocrx_word' id='word_1_335' title='bbox 1022 3062 1080 3110; x_wconf 85' lang='lat' dir='ltr'><strong>vier</strong></span> <span class='ocrx_word' id='word_1_336' title='bbox 1088 3059 1217 3110; x_wconf 79' lang='lat' dir='ltr'><strong>Elcmeute</strong></span> 
     </span>
     <span class='ocr_line' id='line_1_36' title="bbox 157 3121 1218 3191; baseline 0.004 -19"><span class='ocrx_word' id='word_1_337' title='bbox 157 3125 216 3172; x_wconf 81' lang='lat' dir='ltr'><strong>rond</strong></span> <span class='ocrx_word' id='word_1_338' title='bbox 247 3123 341 3172; x_wconf 82' lang='lat' dir='ltr'><strong>munia.</strong></span> <span class='ocrx_word' id='word_1_339' title='bbox 385 3121 485 3172; x_wconf 81' lang='lat' dir='ltr'><strong>Numen</strong></span> <span class='ocrx_word' id='word_1_340' title='bbox 516 3121 663 3172; x_wconf 85' lang='lat' dir='ltr'><strong>bezeichnet</strong></span> <span class='ocrx_word' id='word_1_341' title='bbox 714 3127 764 3175; x_wconf 91' lang='lat' dir='ltr'><strong>und</strong></span> <span class='ocrx_word' id='word_1_342' title='bbox 780 3127 829 3175; x_wconf 82' lang='lat' dir='ltr'><strong>alle</strong></span> <span class='ocrx_word' id='word_1_343' title='bbox 845 3127 951 3191; x_wconf 87' lang='lat' dir='ltr'><strong>iihrigcn</strong></span> <span class='ocrx_word' id='word_1_344' title='bbox 967 3127 1126 3178; x_wconf 87' lang='lat' dir='ltr'><strong>materiellen</strong></span> <span class='ocrx_word' id='word_1_345' title='bbox 1140 3127 1218 3190; x_wconf 79' lang='lat' dir='ltr'><strong>llingc</strong></span> 
     </span>
     <span class='ocr_line' id='line_1_37' title="bbox 158 3187 1217 3263; baseline 0.004 -24"><span class='ocrx_word' id='word_1_346' title='bbox 158 3189 230 3240; x_wconf 84' lang='lat' dir='ltr'><strong>recht</strong></span> <span class='ocrx_word' id='word_1_347' title='bbox 258 3187 391 3253; x_wconf 86' lang='lat' dir='ltr'><strong>cigentlich</strong></span> <span class='ocrx_word' id='word_1_348' title='bbox 425 3189 494 3238; x_wconf 90' lang='lat' dir='ltr'><strong>diese</strong></span> <span class='ocrx_word' id='word_1_349' title='bbox 527 3188 660 3239; x_wconf 84' lang='lat' dir='ltr'><strong>wirhsame</strong></span> <span class='ocrx_word' id='word_1_350' title='bbox 714 3194 900 3263; x_wconf 85' lang='lat' dir='ltr'><strong>hervorgeheu‚</strong></span> <span class='ocrx_word' id='word_1_351' title='bbox 920 3195 960 3245; x_wconf 91' lang='lat' dir='ltr'><strong>die</strong></span> <span class='ocrx_word' id='word_1_352' title='bbox 980 3195 1042 3244; x_wconf 86' lang='lat' dir='ltr'><strong>aher</strong></span> <span class='ocrx_word' id='word_1_353' title='bbox 1057 3194 1140 3246; x_wconf 86' lang='lat' dir='ltr'><strong>selhst</strong></span> <span class='ocrx_word' id='word_1_354' title='bbox 1156 3196 1217 3244; x_wconf 91' lang='lat' dir='ltr'><strong>ohne</strong></span> 
     </span>
     <span class='ocr_line' id='line_1_38' title="bbox 157 3255 1217 3328; baseline 0.003 -21"><span class='ocrx_word' id='word_1_355' title='bbox 157 3256 241 3308; x_wconf 87' lang='lat' dir='ltr'><strong>Mucht</strong></span> <span class='ocrx_word' id='word_1_356' title='bbox 265 3259 311 3308; x_wconf 87' lang='lat' dir='ltr'><strong>der</strong></span> <span class='ocrx_word' id='word_1_357' title='bbox 333 3255 437 3320; x_wconf 72' lang='lat' dir='ltr'><strong>(litter,</strong></span> <span class='ocrx_word' id='word_1_358' title='bbox 467 3256 515 3304; x_wconf 86' lang='lat' dir='ltr'><strong>wie</strong></span> <span class='ocrx_word' id='word_1_359' title='bbox 545 3257 660 3306; x_wconf 85' lang='lat' dir='ltr'><strong>dusselhe</strong></span> <span class='ocrx_word' id='word_1_360' title='bbox 714 3260 764 3310; x_wconf 87' lang='lat' dir='ltr'><strong>alle</strong></span> <span class='ocrx_word' id='word_1_361' title='bbox 788 3261 928 3313; x_wconf 86' lang='lat' dir='ltr'><strong>bestimmtc</strong></span> <span class='ocrx_word' id='word_1_362' title='bbox 952 3261 1065 3328; x_wconf 76' lang='lat' dir='ltr'><strong>Quoliliit</strong></span> <span class='ocrx_word' id='word_1_363' title='bbox 1088 3263 1134 3325; x_wconf 84' lang='lat' dir='ltr'><strong>ist,</strong></span> <span class='ocrx_word' id='word_1_364' title='bbox 1164 3262 1217 3310; x_wconf 85' lang='lat' dir='ltr'><strong>eine</strong></span> 
     </span>
     <span class='ocr_line' id='line_1_39' title="bbox 157 3321 1215 3392; baseline 0.002 -16"><span class='ocrx_word' id='word_1_365' title='bbox 157 3325 235 3376; x_wconf 85' lang='lat' dir='ltr'><strong>Wort</strong></span> <span class='ocrx_word' id='word_1_366' title='bbox 251 3342 300 3376; x_wconf 92' lang='lat' dir='ltr'><strong>von</strong></span> <span class='ocrx_word' id='word_1_367' title='bbox 317 3325 450 3376; x_wconf 86' lang='lat' dir='ltr'><strong>Lucretius</strong></span> <span class='ocrx_word' id='word_1_368' title='bbox 467 3321 509 3388; x_wconf 88' lang='lat' dir='ltr'><strong>lli,</strong></span> <span class='ocrx_word' id='word_1_369' title='bbox 530 3323 577 3372; x_wconf 87' lang='grc'><strong>144</strong></span> <span class='ocrx_word' id='word_1_370' title='bbox 598 3324 661 3374; x_wconf 85' lang='lat' dir='ltr'><strong>auch</strong></span> <span class='ocrx_word' id='word_1_371' title='bbox 714 3321 763 3391; x_wconf 79' lang='grc' dir='ltr'><strong>ὕλη</strong></span> <span class='ocrx_word' id='word_1_372' title='bbox 776 3321 890 3392; x_wconf 68' lang='grc' dir='ltr'><strong><em>ἄποιος,</em></strong></span> <span class='ocrx_word' id='word_1_373' title='bbox 909 3331 943 3381; x_wconf 87' lang='lat' dir='ltr'><strong>ist</strong></span> <span class='ocrx_word' id='word_1_374' title='bbox 961 3331 1022 3379; x_wconf 83' lang='lat' dir='ltr'><strong>auch</strong></span> <span class='ocrx_word' id='word_1_375' title='bbox 1036 3331 1082 3380; x_wconf 90' lang='lat' dir='ltr'><strong>den</strong></span> <span class='ocrx_word' id='word_1_376' title='bbox 1097 3329 1215 3379; x_wconf 85' lang='lat' dir='ltr'><strong>Stoikeru</strong></span> 
     </span>
     <span class='ocr_line' id='line_1_40' title="bbox 156 3389 1213 3460; baseline 0.003 -16"><span class='ocrx_word' id='word_1_377' title='bbox 156 3409 205 3444; x_wconf 90' lang='lat' dir='ltr'><strong>von</strong></span> <span class='ocrx_word' id='word_1_378' title='bbox 223 3396 269 3444; x_wconf 88' lang='lat' dir='ltr'><strong>der</strong></span> <span class='ocrx_word' id='word_1_379' title='bbox 281 3393 366 3445; x_wconf 83' lang='lat' dir='ltr'><strong>Macht</strong></span> <span class='ocrx_word' id='word_1_380' title='bbox 381 3395 427 3444; x_wconf 89' lang='lat' dir='ltr'><strong>der</strong></span> <span class='ocrx_word' id='word_1_381' title='bbox 444 3392 518 3442; x_wconf 87' lang='lat' dir='ltr'><strong>Seele</strong></span> <span class='ocrx_word' id='word_1_382' title='bbox 534 3391 659 3441; x_wconf 75' lang='lat' dir='ltr'><strong>ilerden</strong></span> <span class='ocrx_word' id='word_1_383' title='bbox 714 3396 753 3446; x_wconf 86' lang='lat' dir='ltr'><strong>die</strong></span> <span class='ocrx_word' id='word_1_384' title='bbox 767 3389 850 3446; x_wconf 81' lang='grc' dir='ltr'><strong><em>οὐσία</em></strong></span> <span class='ocrx_word' id='word_1_385' title='bbox 868 3397 924 3448; x_wconf 80' lang='grc' dir='ltr'><strong>τῶν</strong></span> <span class='ocrx_word' id='word_1_386' title='bbox 936 3391 1025 3448; x_wconf 80' lang='grc' dir='ltr'><em>ὄντων</em></span> <span class='ocrx_word' id='word_1_387' title='bbox 1036 3391 1183 3460; x_wconf 74' lang='grc' dir='ltr'><strong>ἁπάντων,</strong></span> <span class='ocrx_word' id='word_1_388' title='bbox 1208 3392 1213 3408; x_wconf 86' lang='lat'>‘</span> 
     </span>
     <span class='ocr_line' id='line_1_41' title="bbox 156 3457 1216 3534; baseline -0.004 -20"><span class='ocrx_word' id='word_1_389' title='bbox 156 3462 219 3514; x_wconf 82' lang='lat' dir='ltr'><strong>heih</strong></span> <span class='ocrx_word' id='word_1_390' title='bbox 229 3463 372 3528; x_wconf 83' lang='lat' dir='ltr'><strong>gebraucht</strong></span> <span class='ocrx_word' id='word_1_391' title='bbox 383 3462 460 3511; x_wconf 89' lang='lat' dir='ltr'><strong>wird:</strong></span> <span class='ocrx_word' id='word_1_392' title='bbox 479 3475 573 3528; x_wconf 77' lang='lat' dir='ltr'><strong>corpus</strong></span> <span class='ocrx_word' id='word_1_393' title='bbox 582 3463 660 3528; x_wconf 83' lang='lat' dir='ltr'><strong>paret</strong></span> <span class='ocrx_word' id='word_1_394' title='bbox 713 3459 809 3534; x_wconf 82' lang='grc' dir='ltr'><em>πρώτη</em></span> <span class='ocrx_word' id='word_1_395' title='bbox 823 3457 880 3530; x_wconf 76' lang='grc' dir='ltr'><strong><em>ὕλη.</em></strong></span> <span class='ocrx_word' id='word_1_396' title='bbox 906 3464 977 3527; x_wconf 84' lang='lat' dir='ltr'><strong>Diog.</strong></span> <span class='ocrx_word' id='word_1_397' title='bbox 989 3463 1018 3513; x_wconf 89' lang='lat' dir='ltr'><strong>L.</strong></span> <span class='ocrx_word' id='word_1_398' title='bbox 1032 3463 1090 3528; x_wconf 91' lang='lat' dir='ltr'><strong>Vll,</strong></span> <span class='ocrx_word' id='word_1_399' title='bbox 1108 3463 1156 3513; x_wconf 81' lang='lat'><strong>150</strong></span> <span class='ocrx_word' id='word_1_400' title='bbox 1167 3463 1216 3525; x_wconf 83' lang='lat' dir='ltr'><strong>vgl.</strong></span> 
     </span>
     <span class='ocr_line' id='line_1_42' title="bbox 157 3530 1198 3593; baseline 0.002 -13"><span class='ocrx_word' id='word_1_401' title='bbox 157 3530 331 3582; x_wconf 83' lang='lat' dir='ltr'><strong>etadnumeu</strong></span> <span class='ocrx_word' id='word_1_402' title='bbox 343 3533 660 3593; x_wconf 69' lang='lat' dir='ltr'><strong>menuhmomenquemo·</strong></span> <span class='ocrx_word' id='word_1_403' title='bbox 714 3531 770 3582; x_wconf 84' lang='lat'><strong>137.</strong></span> <span class='ocrx_word' id='word_1_404' title='bbox 1196 3541 1198 3544; x_wconf 83' lang='grc'><strong>“</strong></span> 
     </span>
     <span class='ocr_line' id='line_1_43' title="bbox 156 3596 1216 3666; baseline -0.001 -20"><span class='ocrx_word' id='word_1_405' title='bbox 156 3601 236 3647; x_wconf 83' lang='lat' dir='ltr'><strong>cetur.</strong></span> <span class='ocrx_word' id='word_1_406' title='bbox 253 3599 299 3648; x_wconf 86' lang='lat' dir='ltr'><strong>Die</strong></span> <span class='ocrx_word' id='word_1_407' title='bbox 310 3599 458 3662; x_wconf 82' lang='lat' dir='ltr'><strong>cigentliche</strong></span> <span class='ocrx_word' id='word_1_408' title='bbox 469 3597 615 3658; x_wconf 85' lang='lat' dir='ltr'><strong>Bedeutung</strong></span> <span class='ocrx_word' id='word_1_409' title='bbox 625 3596 659 3646; x_wconf 87' lang='lat' dir='ltr'><strong>ist</strong></span> <span class='ocrx_word' id='word_1_410' title='bbox 746 3599 787 3649; x_wconf 88' lang='grc'><strong>93.</strong></span> <span class='ocrx_word' id='word_1_411' title='bbox 807 3603 959 3650; x_wconf 73' lang='lat' dir='ltr'><strong>conicturam.</strong></span> <span class='ocrx_word' id='word_1_412' title='bbox 978 3598 1064 3666; x_wconf 77' lang='lat' dir='ltr'><strong>Durch</strong></span> <span class='ocrx_word' id='word_1_413' title='bbox 1073 3599 1120 3647; x_wconf 86' lang='lat' dir='ltr'><strong>dos</strong></span> <span class='ocrx_word' id='word_1_414' title='bbox 1130 3597 1216 3648; x_wconf 72' lang='lat' dir='ltr'><strong>h&#39;uurr.</strong></span> 
     </span>
     <span class='ocr_line' id='line_1_44' title="bbox 156 3663 1215 3730; baseline 0.002 -18"><span class='ocrx_word' id='word_1_415' title='bbox 156 3669 283 3730; x_wconf 76' lang='lat' dir='ltr'><strong>=nutuc,</strong></span> <span class='ocrx_word' id='word_1_416' title='bbox 292 3681 392 3715; x_wconf 85' lang='lat' dir='ltr'><strong>woraus</strong></span> <span class='ocrx_word' id='word_1_417' title='bbox 402 3667 454 3715; x_wconf 88' lang='lat' dir='ltr'><strong>sich</strong></span> <span class='ocrx_word' id='word_1_418' title='bbox 465 3663 533 3714; x_wconf 85' lang='lat' dir='ltr'><strong>diosc</strong></span> <span class='ocrx_word' id='word_1_419' title='bbox 543 3664 659 3713; x_wconf 87' lang='lat' dir='ltr'><strong>iihertra-</strong></span> <span class='ocrx_word' id='word_1_420' title='bbox 711 3667 775 3716; x_wconf 85' lang='lat' dir='ltr'><strong>wird</strong></span> <span class='ocrx_word' id='word_1_421' title='bbox 787 3668 946 3729; x_wconf 85' lang='lat' dir='ltr'><strong>angedeutet,</strong></span> <span class='ocrx_word' id='word_1_422' title='bbox 960 3667 1018 3715; x_wconf 85' lang='lat' dir='ltr'><strong>dass</strong></span> <span class='ocrx_word' id='word_1_423' title='bbox 1031 3665 1086 3715; x_wconf 90' lang='lat' dir='ltr'><strong>dies</strong></span> <span class='ocrx_word' id='word_1_424' title='bbox 1096 3666 1135 3714; x_wconf 87' lang='lat' dir='ltr'><strong>als</strong></span> <span class='ocrx_word' id='word_1_425' title='bbox 1146 3665 1215 3714; x_wconf 81' lang='lat' dir='ltr'><strong>noth·</strong></span> 
     </span>
     <span class='ocr_line' id='line_1_45' title="bbox 156 3730 1215 3797; baseline 0.002 -17"><span class='ocrx_word' id='word_1_426' title='bbox 156 3747 220 3797; x_wconf 82' lang='lat' dir='ltr'><strong>gene</strong></span> <span class='ocrx_word' id='word_1_427' title='bbox 233 3730 309 3782; x_wconf 81' lang='lat' dir='ltr'><strong>leicht</strong></span> <span class='ocrx_word' id='word_1_428' title='bbox 321 3734 428 3782; x_wconf 83' lang='lat' dir='ltr'><strong>erkla&#39;rt:</strong></span> <span class='ocrx_word' id='word_1_429' title='bbox 441 3733 490 3781; x_wconf 92' lang='lat' dir='ltr'><strong>und</strong></span> <span class='ocrx_word' id='word_1_430' title='bbox 499 3736 579 3781; x_wconf 82' lang='lat' dir='ltr'><strong>nutus</strong></span> <span class='ocrx_word' id='word_1_431' title='bbox 587 3747 658 3780; x_wconf 84' lang='lat' dir='ltr'><strong>men-</strong></span> <span class='ocrx_word' id='word_1_432' title='bbox 711 3735 825 3797; x_wconf 87' lang='lat' dir='ltr'><strong>wendige</strong></span> <span class='ocrx_word' id='word_1_433' title='bbox 842 3733 921 3796; x_wconf 86' lang='lat' dir='ltr'><strong>Fulge</strong></span> <span class='ocrx_word' id='word_1_434' title='bbox 939 3749 984 3783; x_wconf 88' lang='lat' dir='ltr'><strong>aus</strong></span> <span class='ocrx_word' id='word_1_435' title='bbox 1006 3734 1215 3796; x_wconf 67' lang='lat' dir='ltr'><strong>demrorhorge·</strong></span> 
     </span>
     <span class='ocr_line' id='line_1_46' title="bbox 156 3799 1165 3864; baseline 0.001 -15"><span class='ocrx_word' id='word_1_436' title='bbox 156 3801 191 3850; x_wconf 79' lang='lat' dir='ltr'><strong>tt&#39;c</strong></span> <span class='ocrx_word' id='word_1_437' title='bbox 201 3799 397 3850; x_wconf 75' lang='lat' dir='ltr'><strong>hcihactuutdo</strong></span> <span class='ocrx_word' id='word_1_438' title='bbox 407 3799 565 3864; x_wconf 76' lang='lat' dir='ltr'><strong>opil.dcic.7:</strong></span> <span class='ocrx_word' id='word_1_439' title='bbox 577 3802 658 3860; x_wconf 67' lang='lat' dir='ltr'><strong>norm,</strong></span> <span class='ocrx_word' id='word_1_440' title='bbox 711 3801 807 3852; x_wconf 83' lang='lat' dir='ltr'><strong>hendcn</strong></span> <span class='ocrx_word' id='word_1_441' title='bbox 820 3801 989 3850; x_wconf 85' lang='lat' dir='ltr'><strong>auzunehmcu</strong></span> <span class='ocrx_word' id='word_1_442' title='bbox 1002 3801 1057 3849; x_wconf 86' lang='lat' dir='ltr'><strong>sein</strong></span> <span class='ocrx_word' id='word_1_443' title='bbox 1070 3801 1165 3850; x_wconf 75' lang='lat' dir='ltr'><strong>werde,</strong></span> 
     </span>
     <span class='ocr_line' id='line_1_47' title="bbox 156 3867 1215 3935; baseline -0.005 -17"><span class='ocrx_word' id='word_1_444' title='bbox 156 3869 247 3934; x_wconf 76' lang='lat' dir='ltr'><strong>quihus</strong></span> <span class='ocrx_word' id='word_1_445' title='bbox 258 3882 331 3916; x_wconf 77' lang='lat' dir='ltr'><strong>meru</strong></span> <span class='ocrx_word' id='word_1_446' title='bbox 342 3893 376 3902; x_wconf 91' lang='lat'><em>-</em></span> <span class='ocrx_word' id='word_1_447' title='bbox 386 3869 492 3931; x_wconf 77' lang='lat' dir='ltr'><strong>minimo</strong></span> <span class='ocrx_word' id='word_1_448' title='bbox 502 3870 568 3916; x_wconf 75' lang='lat' dir='ltr'><strong>nutu</strong></span> <span class='ocrx_word' id='word_1_449' title='bbox 578 3869 657 3916; x_wconf 75' lang='lat' dir='ltr'><strong>touus</strong></span> <span class='ocrx_word' id='word_1_450' title='bbox 744 3867 823 3928; x_wconf 72' lang='lat' dir='ltr'><strong>iidem</strong></span> <span class='ocrx_word' id='word_1_451' title='bbox 835 3867 921 3918; x_wconf 68' lang='lat' dir='ltr'><strong>dicim</strong></span> <span class='ocrx_word' id='word_1_452' title='bbox 930 3895 964 3904; x_wconf 88' lang='lat'>—</span> <span class='ocrx_word' id='word_1_453' title='bbox 973 3867 1048 3919; x_wconf 79' lang='lat' dir='ltr'><strong>iidem</strong></span> <span class='ocrx_word' id='word_1_454' title='bbox 1061 3867 1149 3935; x_wconf 70' lang='lat' dir='ltr'><strong>cutus,</strong></span> <span class='ocrx_word' id='word_1_455' title='bbox 1162 3882 1181 3918; x_wconf 90' lang='lat' dir='ltr'><strong>s.</strong></span> <span class='ocrx_word' id='word_1_456' title='bbox 1192 3883 1215 3914; x_wconf 83' lang='lat' dir='ltr'><strong>r.</strong></span> 
     </span>
    </p>
   </div>
   <div class='ocr_carea' id='block_1_5' title="bbox 0 0 1310 4327">
    <p class='ocr_par' dir='ltr' id='par_1_11' title="bbox 0 0 1310 4327">
     <span class='ocr_line' id='line_1_48' title="bbox 0 0 1310 4327; baseline 0 0"><span class='ocrx_word' id='word_1_457' title='bbox 0 0 1310 4327; x_wconf 95' lang='lat' dir='ltr'><strong> </strong></span> 
     </span>
    </p>
   </div>
  </div>
 </body>
</html>
