2612 4328
515 249 559 300 DE
576 247 716 300 NATURA
732 247 872 302 DEORUM

165 256 224 320 168

163 428 215 470 eos
230 407 318 470 etiam
332 404 473 467 consent:
489 421 627 480 magnam
642 401 721 463 enim
737 401 797 462 vim
810 402 958 464 seminum
973 421 1074 464 seeum
1085 404 1231 468 humenti

92 507 139 560 131
163 491 303 554 similium
323 490 428 551 dieitur
447 489 609 567 deportare.
639 486 786 566 Multaque
804 486 857 548 alia
876 487 908 548 in
922 486 984 548 aliis
999 487 1075 548 locis
1092 508 1228 550 comme-

161 575 313 638 morabilia
332 575 465 654 prolerre
482 591 621 653 possum,
642 571 874 636 multoslertiles
890 591 992 652 agros,
1010 572 1084 634 ahos
1100 573 1228 636 aliorum

103 665 144 728 58
162 664 319 724 fruetuum.
351 660 409 742 Sed
428 659 473 720 illa
494 665 601 736 quanta
619 655 782 734 benignitas
802 665 935 731 naturae,
955 658 1034 736 quod
1055 665 1118 718 tam
1133 660 1228 722 multa

161 748 197 808 ad
212 745 402 817 vescendum,
423 751 481 804 tam
497 741 573 804 varia
595 748 711 820 tamque
731 741 855 802 iucunda
877 742 981 820 gignit,
1003 760 1100 824 peque
1116 763 1150 803 ea
1166 761 1226 806 uno

160 839 294 909 tempore
310 829 388 900 anni,
405 838 437 888 ut
452 845 568 905 semper
583 836 611 886 et
626 825 753 886 novitate
768 826 943 887 delectemur
958 834 988 886 et
998 825 1098 905 copia!
1131 827 1226 900 Quam

78 961 79 968 ι
160 915 351 994 tempestivos
372 921 469 973 autem
488 911 581 984 dedit,
603 929 692 990 quam
713 911 861 972 salutares·
871 929 933 972 non
952 911 1042 972 modo
1058 911 1225 984 hominum,

161 999 316 1061 sedetiam
331 997 477 1078 pecudum
491 995 597 1074 generi,
613 995 649 1056 iis
666 995 789 1074 denique
804 995 953 1069 omnibus,
969 1015 1041 1074 quae
1057 997 1225 1058 oriunture

162 1092 252 1156 terra,
272 1091 375 1143 ventos
395 1081 523 1153 Etesias,
544 1098 669 1160 quorum
690 1079 760 1140 ilatu
778 1079 861 1140 nimii
880 1087 1080 1158 temperantur
1101 1080 1223 1142 calores!

161 1169 204 1230 Ab
230 1167 334 1229 iisdem
359 1163 609 1234 etiammaritimi
634 1183 737 1224 cursus
766 1164 875 1248 celeres
902 1171 930 1224 et
956 1164 1027 1225 certi
1049 1164 1222 1244 diriguntur.

92 1261 140 1312 1³2
161 1253 248 1314 Multa
269 1249 478 1331 praetereunda
497 1256 582 1320 sunt,
603 1255 747 1310 ettamen
767 1248 1018 1310 multadicuntur.
1048 1249 1223 1312 Enumerari

161 1337 239 1398 enirn
266 1353 327 1396 non
353 1340 480 1413 possunt
503 1333 658 1416 fluminum
685 1333 932 1413 opportunitates,
959 1340 1057 1394 aestus
1085 1335 1224 1395 maritimi

118 1481 125 1488 ,
160 1428 265 1480 mutuo
286 1419 455 1480 accedentes
472 1425 500 1477 et
513 1418 696 1490 recedentes,
717 1424 834 1478 montes
850 1418 945 1478 vestiti
961 1425 1047 1496 etque
1063 1418 1221 1492 silvestres,

162 1504 270 1566 salinae
290 1504 329 1565 ah'
347 1523 397 1564 ora
412 1502 555 1564 maritima
570 1501 796 1576 remotissimae,
816 1503 1101 1564 medicamentorum
1117 1504 1223 1566 saluta·

50 1661 54 1671 Α
160 1591 237 1650 rium
253 1588 440 1668 plenissimae
455 1587 663 1664 terrae,„dotes
680 1586 805 1666 denique
819 1587 1047 1648 innumerabiles
1063 1588 1101 1648 ad
1115 1587 1223 1650 victum

73 1732 75 1736 ,
160 1675 239 1736 etad
256 1674 340 1735 vitam
356 1673 544 1734 necessariae.
574 1671 635 1732 lam
651 1671 707 1732 diei
722 1672 877 1752 noctisque
888 1671 1056 1733 vicissitudo
1069 1683 1224 1734 conservat

134 1803 138 1810 -
161 1759 338 1832 animantes,
358 1757 489 1819 tribuens
510 1756 585 1817 aliud
603 1757 705 1834 agendi
720 1763 850 1835 tempus,
871 1757 947 1817 aliud
964 1757 1146 1835 quiescendi.
1177 1758 1224 1818 Sic

160 1844 290 1922 undique
317 1844 398 1904 omni
423 1843 536 1904 ratione
563 1840 757 1915 concluditur,
789 1853 886 1902 mente
912 1841 1096 1920 consilioque
1126 1842 1222 1902 divino

162 1929 260 1989 omnia
286 1929 317 1988 in
342 1928 400 1988 hoe
426 1927 537 1987 mundo
559 1925 594 1985 ad
616 1927 739 1986 salutem
759 1927 891 1987 omnium
912 1925 1223 2006 conservationemque

92 2023 140 2074 133
161 2012 366 2073 admirabiliter
396 2009 602 2072 administrari.
653 2009 707 2070 Hie
732 2019 850 2090 quaerat
876 2010 1039 2089 quispiam,
1070 2011 1224 2072 cuiusnam

156 2115 265 2157 caussa
288 2103 435 2157 tantarum
454 2106 553 2155 rerum
572 2094 686 2155 molitio
706 2097 778 2158 laeta
798 2096 849 2168 sit3
873 2095 1050 2155 arborumne
1070 2103 1099 2156 et
1117 2095 1223 2156 herba-

160 2177 249 2240 rum?
276 2199 350 2258 quae
367 2197 543 2258 quamquam
563 2179 626 2238 sine
646 2198 737 2240 seusu
757 2187 840 2253 sunt,
861 2189 959 2240 tamen
979 2185 1116 2240 anatura
1133 2180 1222 2240 susti-

161 2269 276 2324 nentur.
300 2263 337 2324 At
350 2263 379 2323 id
396 2263 512 2342 quidem
529 2262 689 2324 absurdum
704 2272 756 2325 est.
775 2264 821 2324 An
832 2261 1013 2325 bestiarum?
1039 2261 1138 2325 Nihilo
1150 2283 1223 2343 pro·

160 2347 297 2422 habilius,
325 2348 396 2409 deos
422 2355 573 2408 mutorum
599 2356 626 2408 et
652 2349 724 2409 nihil
746 2348 965 2426 intelligentium
986 2366 1091 2409 caussa
1111 2357 1224 2410 tantmn

193 2523 246 2585 58.
279 2533 335 2584 131.
371 2537 458 2584 amatos
481 2533 592 2584 Etesiae.
629 2533 662 2583 So

160 2608 251 2652 canate
262 2618 319 2652 meu
336 2602 376 2652 die
389 2601 496 2662 Winde,
514 2601 553 2651 die
571 2617 602 2650 zu
619 2602 664 2651 be-

160 2670 286 2722 stimmten
296 2668 387 2721 Zeiten
398 2670 523 2720 eintretea
536 2670 584 2719 und
597 2670 662 2719 dana

159 2738 215 2788 eine
227 2737 347 2802 Zeitlung
363 2739 512 2788 immerens
530 2736 662 2792 derselhen

718 2532 854 2584 Menscheu
867 2534 942 2583 theils
955 2549 1002 2582 zur
1013 2532 1136 2597 Nahruug
1149 2534 1222 2584 theiis

717 2618 749 2651 zu
768 2602 931 2665 senstigen
943 2600 1220 2652 Lebeushediirfnisseu

718 2669 761 2732 (ad
771 2672 866 2720 adetum
878 2675 905 2719 et
914 2669 949 2719 od
959 2669 1050 2730 eitam)
1069 2669 1222 2720 unentbehr-

717 2737 766 2786 lich
780 2738 843 2786 sind.
864 2735 978 2802 Denique
994 2737 1064 2786 dieat
1081 2737 1222 2799 regelmis-

160 2803 263 2869 (legend
272 2807 398 2856 auwehen
408 2804 559 2866 lortlahren3
571 2805 662 2854 beson-

159 2873 217 2922 ders
235 2874 275 2923 die
291 2873 522 2934 Nordwestwinde,
545 2872 584 2921 die
605 2887 663 2920 vom

160 2938 408 2989 Sommersolstitium
418 2940 455 2988 lais
466 2956 498 2988 zu
506 2941 553 2989 den
563 2938 662 2990 lluuds-

158 3011 233 3067 tugen
245 3021 278 3054 zu
287 3007 422 3055 herrsohen
433 3009 536 3070 pilegen.
561 3005 587 3056 S.
597 3005 663 3079 For·

158 3070 231 3134 higer
254 3071 348 3121 llundb.
371 3065 417 3121 de‘r
440 3073 508 3121 alten
534 3071 627 3136 Geogr.
648 3071 660 3121 l

160 3228 512 3349 71122aest1enmrtttme
536 3226 563 3278 S.
586 3243 617 3278 zu
638 3245 660 3278 e.

176 3338 183 3362 ‚
233 3337 240 3348 .

190 3395 291 3442 mentae
311 3391 397 3440 vestiti
418 3391 493 3452 atque
516 3385 660 3436 eiheatree:

158 3459 202 3510 das
216 3459 306 3522 zyreite
324 3474 371 3507 zur
381 3454 597 3518 Verdeutlichrmg
611 3455 661 3504 und

159 3527 429 3586 uhhernBestimmung
438 3524 482 3573 des
492 3529 585 3572 ersten.
602 3521 660 3585 Vgl.

159 3609 181 3642 e.
194 3592 236 3655 ot,
251 3593 310 3643 idi:
324 3597 481 3658 corneaque
492 3591 661 3642 densissimos

157 3662 293 3710 montium.

193 3748 266 3800 dotes
277 3748 384 3813 denique
393 3750 567 3800 inuenerat:
580 3748 661 3813 „hura

160 3814 246 3866 Geheu
264 3815 327 3863 ohne
344 3815 433 3876 Zahl“,
453 3817 499 3866 mit
519 3817 598 3866 denen
620 3817 660 3866 die

159 3883 227 3934 Erde
239 3887 408 3945 ausgestattet
423 3882 470 3945 ist,
488 3883 539 3932 uad
555 3883 595 3933 die
613 3883 661 3932 deu

717 2805 763 2868 sig,
780 2821 822 2854 um
839 2806 901 2854 nach
914 2803 1074 2873 Aulsziihlung
1088 2820 1140 2854 von
1153 2805 1221 2854 meh·

717 2887 791 2934 repen
804 2872 976 2922 llinzelheiten
994 2872 1039 2921 mit
1058 2871 1130 2921 einer
1141 2872 1221 2935 allge-

716 2941 813 3010 meinen
826 2941 877 2989 und
888 2938 1064 2990 umlassendea
1073 2938 1177 3002 Angabe
1189 2955 1222 2988 au

717 3007 861 3058 schliessen.
871 3034 906 3043 —
917 3012 997 3071 ortes,
1005 3021 1059 3056 was
1069 3007 1109 3056 die
1117 3006 1221 3056 lldsehr.

716 3073 757 3124 l'rir
768 3074 841 3125 dotes
853 3073 943 3138 heheu,
955 3074 988 3124 ist
1000 3090 1048 3123 nur
1060 3071 1222 3124 Schreibleh·

715 3141 768 3204 ler3
786 3143 856 3193 hiitte
870 3141 921 3192 Cic.
938 3143 993 3192 hier
1009 3142 1054 3191 der
1065 3139 1167 3192 iiiioste
1179 3156 1222 3191 er-

715 3210 811 3275 wtihat,
828 3224 855 3258 so
870 3210 940 3259 hiitte
951 3225 980 3258 er
989 3210 1061 3258 einen
1071 3208 1168 3260 Fehler
1176 3209 1221 3258 he-

715 3291 811 3340 gangen
824 3278 874 3326 und
886 3276 1156 3340 Verschiedenartiges
1172 3293 1221 3326 uu·

715 3344 819 3407 gehdrig
838 3345 983 3394 vermiseht.
1007 3344 1078 3396 Deua
1096 3345 1136 3394 die
1149 3342 1221 3394 iiiia·

716 3418 755 3461 ste
767 3410 875 3462 erfindet
890 3412 936 3461 der
948 3410 1065 3475 hierarch,
1084 3411 1126 3462 die
1137 3410 1222 3462 Netur

714 3480 758 3529 hat
775 3479 823 3532 ihm
840 3495 887 3529 nur
905 3477 1093 3542 dievFiihiglreit
1105 3495 1138 3528 zu
1151 3479 1222 3530 ihrer

714 3545 853 3610 llrlindung
863 3546 988 3610 gegebem
1003 3547 1040 3595 sie
1052 3546 1156 3596 duriter
1165 3547 1221 3596 also

715 3614 783 3664 nicht
798 3615 844 3664 mit
859 3615 906 3664 dea
923 3613 1059 3664 heilsanren
1077 3615 1127 3664 und
1145 3615 1222 3664 niitz-
1281 3643 1285 3654 ·

715 3681 795 3732 lichen
805 3681 1087 3744 Naturerseheinungen
1096 3681 1222 3734 uudPro-

715 3749 805 3798 ducten
822 3747 1094 3812 zusammengeworlea
1106 3749 1222 3800 werden.

714 3815 785 3864 Aueh
797 3815 861 3865 wird
873 3816 941 3866 ihrer
953 3817 1062 3866 aachher
1074 3831 1096 3866 e.
1107 3815 1149 3878 59,
1162 3814 1221 3880 118,

715 3896 754 3931 aur
766 3882 933 3934 schickliehen
945 3883 1033 3934 Platae
1046 3883 1162 3948 gedaeht.
1255 3909 1258 3916 ·
