<?xml version="1.0" encoding="UTF-8"?>
<!DOCTYPE html PUBLIC "-//W3C//DTD XHTML 1.0 Transitional//EN"
    "http://www.w3.org/TR/xhtml1/DTD/xhtml1-transitional.dtd">
<html xmlns="http://www.w3.org/1999/xhtml" xml:lang="en" lang="en">
 <head>
  <title>
</title>
<meta http-equiv="Content-Type" content="text/html;charset=utf-8" />
  <meta name='ocr-system' content='tesseract 3.04.00' />
  <meta name='ocr-capabilities' content='ocr_page ocr_carea ocr_par ocr_line ocrx_word'/>
</head>
<body>
  <div class='ocr_page' id='page_1' title='image "./mtulliciceronis00schogoog/mtulliciceronis00schogoog_0079.png"; bbox 0 0 2646 4334; ppageno 0'>
   <div class='ocr_carea' id='block_1_1' title="bbox 461 223 1169 351">
    <p class='ocr_par' dir='ltr' id='par_1_1' title="bbox 461 223 1169 351">
     <span class='ocr_line' id='line_1_1' title="bbox 461 223 1169 351; baseline -0.004 -20"><span class='ocrx_word' id='word_1_1' title='bbox 461 279 521 332; x_wconf 85' lang='lat' dir='ltr'>nu.</span> <span class='ocrx_word' id='word_1_2' title='bbox 534 279 553 332; x_wconf 85' lang='lat'>1.</span> <span class='ocrx_word' id='word_1_3' title='bbox 582 223 762 332; x_wconf 54' lang='lat' dir='ltr'>cunnus.</span> <span class='ocrx_word' id='word_1_4' title='bbox 776 279 818 332; x_wconf 69' lang='lat' dir='ltr'>ao,</span> <span class='ocrx_word' id='word_1_5' title='bbox 1128 284 1169 351; x_wconf 65' lang='lat'>09</span> 
     </span>
    </p>
   </div>
   <div class='ocr_carea' id='block_1_2' title="bbox 98 433 1226 1788">
    <p class='ocr_par' dir='ltr' id='par_1_2' title="bbox 98 433 1226 1788">
     <span class='ocr_line' id='line_1_2' title="bbox 104 433 1169 520; baseline 0 -21"><span class='ocrx_word' id='word_1_6' title='bbox 104 435 280 500; x_wconf 81' lang='lat' dir='ltr'>alterutrum</span> <span class='ocrx_word' id='word_1_7' title='bbox 294 453 396 498; x_wconf 79' lang='lat' dir='ltr'>verum</span> <span class='ocrx_word' id='word_1_8' title='bbox 412 453 490 510; x_wconf 84' lang='lat' dir='ltr'>esse3</span> <span class='ocrx_word' id='word_1_9' title='bbox 505 435 663 520; x_wconf 77' lang='lat' dir='ltr'>penimuit,</span> <span class='ocrx_word' id='word_1_10' title='bbox 678 451 724 509; x_wconf 91' lang='lat' dir='ltr'>ue,</span> <span class='ocrx_word' id='word_1_11' title='bbox 739 436 765 496; x_wconf 90' lang='lat' dir='ltr'>si</span> <span class='ocrx_word' id='word_1_12' title='bbox 781 455 955 500; x_wconf 89' lang='lat' dir='ltr'>concessum</span> <span class='ocrx_word' id='word_1_13' title='bbox 972 433 1051 500; x_wconf 80' lang='lat' dir='ltr'>esset</span> <span class='ocrx_word' id='word_1_14' title='bbox 1063 439 1169 502; x_wconf 63' lang='lat' dir='ltr'>buius.</span> 
     </span>
     <span class='ocr_line' id='line_1_3' title="bbox 103 519 1220 602; baseline 0.002 -18"><span class='ocrx_word' id='word_1_15' title='bbox 103 522 190 584; x_wconf 88' lang='lat' dir='ltr'>modi</span> <span class='ocrx_word' id='word_1_16' title='bbox 209 521 329 601; x_wconf 84' lang='lat' dir='ltr'>aliquid,</span> <span class='ocrx_word' id='word_1_17' title='bbox 349 529 399 582; x_wconf 87' lang='lat' dir='ltr'>aut</span> <span class='ocrx_word' id='word_1_18' title='bbox 417 521 493 580; x_wconf 83' lang='lat' dir='ltr'>vivet</span> <span class='ocrx_word' id='word_1_19' title='bbox 508 538 572 580; x_wconf 84' lang='lat' dir='ltr'>cras</span> <span class='ocrx_word' id='word_1_20' title='bbox 588 527 637 580; x_wconf 89' lang='lat' dir='ltr'>aut</span> <span class='ocrx_word' id='word_1_21' title='bbox 652 537 714 580; x_wconf 92' lang='lat' dir='ltr'>nou</span> <span class='ocrx_word' id='word_1_22' title='bbox 730 519 803 582; x_wconf 86' lang='lat' dir='ltr'>vivet</span> <span class='ocrx_word' id='word_1_23' title='bbox 818 523 1169 602; x_wconf 78' lang='lat' dir='ltr'>Epicurus,’alteuutrum</span> <span class='ocrx_word' id='word_1_24' title='bbox 1192 549 1194 558; x_wconf 93' lang='lat'>·</span> <span class='ocrx_word' id='word_1_25' title='bbox 1213 540 1220 582; x_wconf 89' lang='grc'>.·</span> 
     </span>
     <span class='ocr_line' id='line_1_4' title="bbox 103 604 1170 687; baseline 0.002 -19"><span class='ocrx_word' id='word_1_26' title='bbox 103 609 189 668; x_wconf 83' lang='lat' dir='ltr'>fieret</span> <span class='ocrx_word' id='word_1_27' title='bbox 213 607 426 668; x_wconf 82' lang='lat' dir='ltr'>necessarium:</span> <span class='ocrx_word' id='word_1_28' title='bbox 452 612 549 666; x_wconf 85' lang='lat' dir='ltr'>totum</span> <span class='ocrx_word' id='word_1_29' title='bbox 567 604 625 665; x_wconf 91' lang='lat' dir='ltr'>boc</span> <span class='ocrx_word' id='word_1_30' title='bbox 646 615 698 666; x_wconf 85' lang='lat' dir='ltr'>out</span> <span class='ocrx_word' id='word_1_31' title='bbox 717 608 803 666; x_wconf 83' lang='lat' dir='ltr'>etium</span> <span class='ocrx_word' id='word_1_32' title='bbox 823 619 951 669; x_wconf 80' lang='lat' dir='ltr'>autnon</span> <span class='ocrx_word' id='word_1_33' title='bbox 970 610 1084 687; x_wconf 81' lang='lat' dir='ltr'>negavit</span> <span class='ocrx_word' id='word_1_34' title='bbox 1103 625 1170 672; x_wconf 89' lang='lat' dir='ltr'>esse</span> 
     </span>
     <span class='ocr_line' id='line_1_5' title="bbox 101 685 1176 770; baseline 0.001 -17"><span class='ocrx_word' id='word_1_35' title='bbox 101 691 316 754; x_wconf 84' lang='lat' dir='ltr'>necessatium.</span> <span class='ocrx_word' id='word_1_36' title='bbox 346 693 412 764; x_wconf 77' lang='lat' dir='ltr'>Quo</span> <span class='ocrx_word' id='word_1_37' title='bbox 429 690 497 770; x_wconf 88' lang='lat' dir='ltr'>quid</span> <span class='ocrx_word' id='word_1_38' title='bbox 514 689 570 750; x_wconf 88' lang='lat' dir='ltr'>dici</span> <span class='ocrx_word' id='word_1_39' title='bbox 585 689 682 768; x_wconf 88' lang='lat' dir='ltr'>potuit</span> <span class='ocrx_word' id='word_1_40' title='bbox 698 689 859 753; x_wconf 79' lang='lat' dir='ltr'><strong>obtusius?</strong></span> <span class='ocrx_word' id='word_1_41' title='bbox 889 693 1017 770; x_wconf 83' lang='lat' dir='ltr'>Urgebat</span> <span class='ocrx_word' id='word_1_42' title='bbox 1027 685 1176 755; x_wconf 76' lang='lat' dir='ltr'>Arcesilas</span> 
     </span>
     <span class='ocr_line' id='line_1_6' title="bbox 101 767 1169 856; baseline 0 -18"><span class='ocrx_word' id='word_1_43' title='bbox 101 777 267 850; x_wconf 85' lang='lat' dir='ltr'>Zenonem,</span> <span class='ocrx_word' id='word_1_44' title='bbox 283 795 374 856; x_wconf 89' lang='lat' dir='ltr'>quum</span> <span class='ocrx_word' id='word_1_45' title='bbox 389 775 538 855; x_wconf 84' lang='lat' dir='ltr'>ipseialsa</span> <span class='ocrx_word' id='word_1_46' title='bbox 554 774 653 835; x_wconf 91' lang='lat' dir='ltr'>omnia</span> <span class='ocrx_word' id='word_1_47' title='bbox 668 773 786 849; x_wconf 84' lang='lat' dir='ltr'>diceret,</span> <span class='ocrx_word' id='word_1_48' title='bbox 802 795 877 856; x_wconf 90' lang='lat' dir='ltr'>quae</span> <span class='ocrx_word' id='word_1_49' title='bbox 889 777 1024 837; x_wconf 84' lang='lat' dir='ltr'>sensibus</span> <span class='ocrx_word' id='word_1_50' title='bbox 1034 767 1169 838; x_wconf 67' lang='lat' dir='ltr'>viueren‘l</span> 
     </span>
     <span class='ocr_line' id='line_1_7' title="bbox 100 859 1170 942; baseline -0.002 -18"><span class='ocrx_word' id='word_1_51' title='bbox 100 869 169 924; x_wconf 85' lang='lat' dir='ltr'>tur:</span> <span class='ocrx_word' id='word_1_52' title='bbox 189 862 268 922; x_wconf 85' lang='lat' dir='ltr'>Zeno</span> <span class='ocrx_word' id='word_1_53' title='bbox 288 859 558 942; x_wconf 33' lang='lat' dir='ltr'>autent,.nonnulla</span> <span class='ocrx_word' id='word_1_54' title='bbox 573 859 634 921; x_wconf 82' lang='lat' dir='ltr'>visa</span> <span class='ocrx_word' id='word_1_55' title='bbox 655 878 721 921; x_wconf 88' lang='lat' dir='ltr'>esse</span> <span class='ocrx_word' id='word_1_56' title='bbox 735 861 821 935; x_wconf 84' lang='lat' dir='ltr'>salsa,</span> <span class='ocrx_word' id='word_1_57' title='bbox 840 879 903 922; x_wconf 90' lang='lat' dir='ltr'>uon</span> <span class='ocrx_word' id='word_1_58' title='bbox 918 861 1027 924; x_wconf 88' lang='lat' dir='ltr'>omnia.</span> <span class='ocrx_word' id='word_1_59' title='bbox 1059 861 1170 923; x_wconf 86' lang='lat' dir='ltr'>Timuit</span> 
     </span>
     <span class='ocr_line' id='line_1_8' title="bbox 99 942 1169 1026; baseline -0.001 -17"><span class='ocrx_word' id='word_1_60' title='bbox 99 947 267 1026; x_wconf 81' lang='lat' dir='ltr'>Epicurus,</span> <span class='ocrx_word' id='word_1_61' title='bbox 281 964 332 1020; x_wconf 89' lang='lat' dir='ltr'>ne,</span> <span class='ocrx_word' id='word_1_62' title='bbox 348 946 371 1007; x_wconf 89' lang='lat' dir='ltr'>si</span> <span class='ocrx_word' id='word_1_63' title='bbox 387 963 480 1007; x_wconf 90' lang='lat' dir='ltr'>unum</span> <span class='ocrx_word' id='word_1_64' title='bbox 495 945 523 1005; x_wconf 86' lang='lat' dir='ltr'>vi</span> <span class='ocrx_word' id='word_1_65' title='bbox 561 964 590 1004; x_wconf 89' lang='lat' dir='ltr'>m</span> <span class='ocrx_word' id='word_1_66' title='bbox 607 951 685 1006; x_wconf 88' lang='lat' dir='ltr'>esset</span> <span class='ocrx_word' id='word_1_67' title='bbox 699 945 815 1018; x_wconf 85' lang='lat' dir='ltr'>salsum,</span> <span class='ocrx_word' id='word_1_68' title='bbox 830 942 944 1006; x_wconf 88' lang='lat' dir='ltr'>nullum</span> <span class='ocrx_word' id='word_1_69' title='bbox 960 953 1039 1007; x_wconf 87' lang='lat' dir='ltr'>essct</span> <span class='ocrx_word' id='word_1_70' title='bbox 1052 965 1169 1020; x_wconf 70' lang='lat' dir='ltr'>verum,</span> 
     </span>
     <span class='ocr_line' id='line_1_9' title="bbox 101 1029 1167 1092; baseline -0.003 0"><span class='ocrx_word' id='word_1_71' title='bbox 101 1049 214 1092; x_wconf 91' lang='lat' dir='ltr'>omnes</span> <span class='ocrx_word' id='word_1_72' title='bbox 229 1049 334 1092; x_wconf 88' lang='lat' dir='ltr'>sensus</span> <span class='ocrx_word' id='word_1_73' title='bbox 345 1031 404 1092; x_wconf 84' lang='lat' dir='ltr'>veri</span> <span class='ocrx_word' id='word_1_74' title='bbox 419 1029 522 1091; x_wconf 89' lang='lat' dir='ltr'>nuntio</span> <span class='ocrx_word' id='word_1_75' title='bbox 575 1030 627 1091; x_wconf 80' lang='lat' dir='ltr'>ixit</span> <span class='ocrx_word' id='word_1_76' title='bbox 638 1049 713 1092; x_wconf 88' lang='lat' dir='ltr'>esse.</span> <span class='ocrx_word' id='word_1_77' title='bbox 743 1030 822 1091; x_wconf 90' lang='lat' dir='ltr'>Nihil</span> <span class='ocrx_word' id='word_1_78' title='bbox 832 1032 940 1092; x_wconf 87' lang='lat' dir='ltr'>honuu</span> <span class='ocrx_word' id='word_1_79' title='bbox 952 1030 1041 1092; x_wconf 91' lang='lat' dir='ltr'>nimis</span> <span class='ocrx_word' id='word_1_80' title='bbox 1055 1029 1167 1090; x_wconf 78' lang='lat' dir='ltr'>callide:</span> 
     </span>
     <span class='ocr_line' id='line_1_10' title="bbox 100 1114 1219 1196; baseline -0.003 -20"><span class='ocrx_word' id='word_1_81' title='bbox 100 1116 271 1194; x_wconf 79' lang='lat' dir='ltr'>graviorem</span> <span class='ocrx_word' id='word_1_82' title='bbox 287 1117 365 1177; x_wconf 93' lang='lat' dir='ltr'>enim</span> <span class='ocrx_word' id='word_1_83' title='bbox 380 1115 494 1196; x_wconf 82' lang='lat' dir='ltr'>plagam</span> <span class='ocrx_word' id='word_1_84' title='bbox 511 1114 682 1194; x_wconf 75' lang='lat' dir='ltr'>accipiebat,</span> <span class='ocrx_word' id='word_1_85' title='bbox 697 1123 730 1176; x_wconf 92' lang='lat' dir='ltr'>ut</span> <span class='ocrx_word' id='word_1_86' title='bbox 744 1116 882 1177; x_wconf 84' lang='lat' dir='ltr'>leviorem</span> <span class='ocrx_word' id='word_1_87' title='bbox 897 1116 1056 1194; x_wconf 83' lang='lat' dir='ltr'>repelleret.</span> <span class='ocrx_word' id='word_1_88' title='bbox 1086 1115 1167 1176; x_wconf 84' lang='lat' dir='ltr'>Idem</span> <span class='ocrx_word' id='word_1_89' title='bbox 1188 1122 1219 1174; x_wconf 80' lang='lat' dir='ltr'>tl</span> 
     </span>
     <span class='ocr_line' id='line_1_11' title="bbox 100 1199 1169 1285; baseline -0.003 -23"><span class='ocrx_word' id='word_1_90' title='bbox 100 1201 174 1262; x_wconf 85' lang='lat' dir='ltr'>facit</span> <span class='ocrx_word' id='word_1_91' title='bbox 189 1201 219 1261; x_wconf 93' lang='lat' dir='ltr'>in</span> <span class='ocrx_word' id='word_1_92' title='bbox 233 1207 336 1263; x_wconf 88' lang='lat' dir='ltr'>natura</span> <span class='ocrx_word' id='word_1_93' title='bbox 348 1202 482 1285; x_wconf 73' lang='lat' dir='ltr'>deorum</span> <span class='ocrx_word' id='word_1_94' title='bbox 512 1199 588 1260; x_wconf 89' lang='lat' dir='ltr'>Dum</span> <span class='ocrx_word' id='word_1_95' title='bbox 600 1200 817 1262; x_wconf 82' lang='lat' dir='ltr'>individuorum</span> <span class='ocrx_word' id='word_1_96' title='bbox 829 1219 988 1281; x_wconf 84' lang='lat' dir='ltr'>corporum</span> <span class='ocrx_word' id='word_1_97' title='bbox 1001 1199 1169 1261; x_wconf 84' lang='lat' dir='ltr'>concretio-</span> 
     </span>
     <span class='ocr_line' id='line_1_12' title="bbox 98 1285 1167 1366; baseline -0.001 -20"><span class='ocrx_word' id='word_1_98' title='bbox 98 1303 174 1346; x_wconf 89' lang='lat' dir='ltr'>nem</span> <span class='ocrx_word' id='word_1_99' title='bbox 186 1285 268 1363; x_wconf 80' lang='lat' dir='ltr'>sugit,</span> <span class='ocrx_word' id='word_1_100' title='bbox 284 1304 321 1346; x_wconf 90' lang='lat' dir='ltr'>ne</span> <span class='ocrx_word' id='word_1_101' title='bbox 333 1285 472 1346; x_wconf 83' lang='lat' dir='ltr'>interitus</span> <span class='ocrx_word' id='word_1_102' title='bbox 488 1291 516 1345; x_wconf 88' lang='lat' dir='ltr'>et</span> <span class='ocrx_word' id='word_1_103' title='bbox 532 1285 684 1363; x_wconf 82' lang='lat' dir='ltr'>dissipatio</span> <span class='ocrx_word' id='word_1_104' title='bbox 701 1295 906 1366; x_wconf 85' lang='lat' dir='ltr'>consequatur,</span> <span class='ocrx_word' id='word_1_105' title='bbox 922 1294 1007 1366; x_wconf 88' lang='lat' dir='ltr'>negat</span> <span class='ocrx_word' id='word_1_106' title='bbox 1022 1303 1088 1346; x_wconf 91' lang='lat' dir='ltr'>esse</span> <span class='ocrx_word' id='word_1_107' title='bbox 1100 1302 1167 1346; x_wconf 86' lang='lat' dir='ltr'>cor-</span> 
     </span>
     <span class='ocr_line' id='line_1_13' title="bbox 98 1371 1167 1450; baseline -0.002 -19"><span class='ocrx_word' id='word_1_108' title='bbox 98 1389 163 1450; x_wconf 92' lang='lat' dir='ltr'>pus</span> <span class='ocrx_word' id='word_1_109' title='bbox 179 1371 312 1443; x_wconf 84' lang='lat' dir='ltr'>deorum,</span> <span class='ocrx_word' id='word_1_110' title='bbox 328 1371 379 1429; x_wconf 87' lang='lat' dir='ltr'>sed</span> <span class='ocrx_word' id='word_1_111' title='bbox 391 1377 540 1447; x_wconf 79' lang='lat' dir='ltr'>tamquam</span> <span class='ocrx_word' id='word_1_112' title='bbox 555 1387 673 1448; x_wconf 86' lang='lat' dir='ltr'>corpus,</span> <span class='ocrx_word' id='word_1_113' title='bbox 690 1389 745 1430; x_wconf 90' lang='lat' dir='ltr'>nec</span> <span class='ocrx_word' id='word_1_114' title='bbox 758 1373 938 1450; x_wconf 86' lang='lat' dir='ltr'>sanguinem,</span> <span class='ocrx_word' id='word_1_115' title='bbox 955 1371 1006 1432; x_wconf 91' lang='lat' dir='ltr'>sed</span> <span class='ocrx_word' id='word_1_116' title='bbox 1018 1378 1167 1449; x_wconf 86' lang='lat' dir='ltr'>tamquam</span> 
     </span>
     <span class='ocr_line' id='line_1_14' title="bbox 98 1451 1226 1535; baseline -0.004 -19"><span class='ocrx_word' id='word_1_117' title='bbox 98 1454 290 1532; x_wconf 84' lang='lat' dir='ltr'>sauguinem.</span> <span class='ocrx_word' id='word_1_118' title='bbox 325 1453 453 1512; x_wconf 81' lang='lat' dir='ltr'>Mirabile</span> <span class='ocrx_word' id='word_1_119' title='bbox 471 1453 596 1526; x_wconf 83' lang='lat' dir='ltr'>videtur,</span> <span class='ocrx_word' id='word_1_120' title='bbox 616 1455 695 1532; x_wconf 91' lang='lat' dir='ltr'>quod</span> <span class='ocrx_word' id='word_1_121' title='bbox 711 1473 772 1515; x_wconf 92' lang='lat' dir='ltr'>nou</span> <span class='ocrx_word' id='word_1_122' title='bbox 788 1456 881 1517; x_wconf 83' lang='lat' dir='ltr'>rideat</span> <span class='ocrx_word' id='word_1_123' title='bbox 895 1457 1054 1535; x_wconf 85' lang='lat' dir='ltr'>haruspex,</span> <span class='ocrx_word' id='word_1_124' title='bbox 1075 1471 1167 1534; x_wconf 89' lang='lat' dir='ltr'>quum</span> <span class='ocrx_word' id='word_1_125' title='bbox 1184 1451 1226 1513; x_wconf 69' lang='lat'>20</span> 
     </span>
     <span class='ocr_line' id='line_1_15' title="bbox 99 1535 1168 1618; baseline -0.002 -19"><span class='ocrx_word' id='word_1_126' title='bbox 99 1537 295 1616; x_wconf 85' lang='lat' dir='ltr'>haruspicem</span> <span class='ocrx_word' id='word_1_127' title='bbox 315 1535 433 1596; x_wconf 80' lang='lat' dir='ltr'>viderit:</span> <span class='ocrx_word' id='word_1_128' title='bbox 460 1537 518 1595; x_wconf 92' lang='lat' dir='ltr'>hoc</span> <span class='ocrx_word' id='word_1_129' title='bbox 537 1537 712 1610; x_wconf 82' lang='lat' dir='ltr'>mirabilius,</span> <span class='ocrx_word' id='word_1_130' title='bbox 737 1540 817 1618; x_wconf 87' lang='lat' dir='ltr'>quod</span> <span class='ocrx_word' id='word_1_131' title='bbox 836 1558 889 1600; x_wconf 81' lang='lat' dir='ltr'>vos</span> <span class='ocrx_word' id='word_1_132' title='bbox 910 1541 986 1600; x_wconf 84' lang='lat' dir='ltr'>inter</span> <span class='ocrx_word' id='word_1_133' title='bbox 1005 1559 1058 1599; x_wconf 83' lang='lat' dir='ltr'>vos</span> <span class='ocrx_word' id='word_1_134' title='bbox 1074 1539 1168 1599; x_wconf 82' lang='lat' dir='ltr'>risum</span> 
     </span>
     <span class='ocr_line' id='line_1_16' title="bbox 99 1619 1170 1702; baseline -0.004 -18"><span class='ocrx_word' id='word_1_135' title='bbox 99 1633 209 1684; x_wconf 85' lang='lat' dir='ltr'>tenere</span> <span class='ocrx_word' id='word_1_136' title='bbox 223 1620 356 1699; x_wconf 84' lang='lat' dir='ltr'>possitis.</span> <span class='ocrx_word' id='word_1_137' title='bbox 385 1619 452 1680; x_wconf 90' lang='lat' dir='ltr'>Non</span> <span class='ocrx_word' id='word_1_138' title='bbox 467 1627 512 1679; x_wconf 92' lang='lat' dir='ltr'>est</span> <span class='ocrx_word' id='word_1_139' title='bbox 527 1638 645 1698; x_wconf 82' lang='lat' dir='ltr'>corpus,</span> <span class='ocrx_word' id='word_1_140' title='bbox 660 1623 712 1682; x_wconf 91' lang='lat' dir='ltr'>sed</span> <span class='ocrx_word' id='word_1_141' title='bbox 728 1623 813 1701; x_wconf 86' lang='lat' dir='ltr'>quasi</span> <span class='ocrx_word' id='word_1_142' title='bbox 828 1641 947 1702; x_wconf 84' lang='lat' dir='ltr'>corpus.</span> <span class='ocrx_word' id='word_1_143' title='bbox 977 1623 1043 1682; x_wconf 90' lang='lat' dir='ltr'>Hoc</span> <span class='ocrx_word' id='word_1_144' title='bbox 1061 1621 1170 1681; x_wconf 88' lang='lat' dir='ltr'>intelli-</span> 
     </span>
     <span class='ocr_line' id='line_1_17' title="bbox 101 1703 1225 1788; baseline -0.003 -21"><span class='ocrx_word' id='word_1_145' title='bbox 101 1725 205 1788; x_wconf 85' lang='lat' dir='ltr'>gerem</span> <span class='ocrx_word' id='word_1_146' title='bbox 226 1707 309 1787; x_wconf 91' lang='lat' dir='ltr'>quale</span> <span class='ocrx_word' id='word_1_147' title='bbox 329 1711 421 1778; x_wconf 86' lang='lat' dir='ltr'>esset,</span> <span class='ocrx_word' id='word_1_148' title='bbox 444 1703 470 1763; x_wconf 92' lang='lat' dir='ltr'>si</span> <span class='ocrx_word' id='word_1_149' title='bbox 490 1704 519 1764; x_wconf 91' lang='lat' dir='ltr'>id</span> <span class='ocrx_word' id='word_1_150' title='bbox 536 1703 565 1763; x_wconf 92' lang='lat' dir='ltr'>in</span> <span class='ocrx_word' id='word_1_151' title='bbox 583 1705 657 1765; x_wconf 84' lang='lat' dir='ltr'>ceris</span> <span class='ocrx_word' id='word_1_152' title='bbox 672 1706 831 1784; x_wconf 80' lang='lat' dir='ltr'>tingeretur</span> <span class='ocrx_word' id='word_1_153' title='bbox 842 1716 891 1769; x_wconf 91' lang='lat' dir='ltr'>aut</span> <span class='ocrx_word' id='word_1_154' title='bbox 905 1705 1042 1767; x_wconf 88' lang='lat' dir='ltr'>fictilibus</span> <span class='ocrx_word' id='word_1_155' title='bbox 1057 1705 1167 1784; x_wconf 70' lang='lat' dir='ltr'>laguine.</span> <span class='ocrx_word' id='word_1_156' title='bbox 1216 1751 1225 1764; x_wconf 76' lang='grc'><strong>,</strong></span> 
     </span>
    </p>
   </div>
   <div class='ocr_carea' id='block_1_3' title="bbox 1251 921 1261 979">
    <p class='ocr_par' dir='ltr' id='par_1_3' title="bbox 1251 921 1261 979">
     <span class='ocr_line' id='line_1_18' title="bbox 1251 921 1261 979; baseline 0 0"><span class='ocrx_word' id='word_1_157' title='bbox 1251 921 1261 979; x_wconf 78' lang='lat' dir='ltr'>i</span> 
     </span>
    </p>
   </div>
   <div class='ocr_carea' id='block_1_4' title="bbox 99 1887 1191 3915">
    <p class='ocr_par' dir='ltr' id='par_1_4' title="bbox 99 1887 1191 3915">
     <span class='ocr_line' id='line_1_19' title="bbox 102 1887 1169 1956; baseline -0.006 -13"><span class='ocrx_word' id='word_1_158' title='bbox 102 1899 164 1956; x_wconf 78' lang='lat' dir='ltr'>sugt</span> <span class='ocrx_word' id='word_1_159' title='bbox 174 1890 252 1951; x_wconf 79' lang='lat' dir='ltr'>wiud3</span> <span class='ocrx_word' id='word_1_160' title='bbox 266 1889 316 1938; x_wconf 84' lang='lat' dir='ltr'>und</span> <span class='ocrx_word' id='word_1_161' title='bbox 325 1903 413 1952; x_wconf 79' lang='lat' dir='ltr'>wegen</span> <span class='ocrx_word' id='word_1_162' title='bbox 425 1891 503 1938; x_wconf 71' lang='lat' dir='ltr'>obem</span> <span class='ocrx_word' id='word_1_163' title='bbox 514 1888 552 1936; x_wconf 79' lang='lat' dir='ltr'>als</span> <span class='ocrx_word' id='word_1_164' title='bbox 562 1887 610 1936; x_wconf 86' lang='lat' dir='ltr'>lle-</span> <span class='ocrx_word' id='word_1_165' title='bbox 665 1888 765 1952; x_wconf 77' lang='lat' dir='ltr'>glaubt3</span> <span class='ocrx_word' id='word_1_166' title='bbox 787 1889 848 1940; x_wconf 80' lang='lat' dir='ltr'>aber</span> <span class='ocrx_word' id='word_1_167' title='bbox 863 1890 975 1952; x_wconf 75' lang='lat' dir='ltr'>dagegeu</span> <span class='ocrx_word' id='word_1_168' title='bbox 992 1889 1099 1954; x_wconf 78' lang='lat' dir='ltr'>spciobt,</span> <span class='ocrx_word' id='word_1_169' title='bbox 1116 1901 1169 1938; x_wconf 81' lang='lat' dir='ltr'>was</span> 
     </span>
     <span class='ocr_line' id='line_1_20' title="bbox 99 1954 1169 2025; baseline -0.005 -15"><span class='ocrx_word' id='word_1_170' title='bbox 99 1955 326 2025; x_wconf 73' lang='lat' dir='ltr'>jcbuugHeiudort&#39;</span> <span class='ocrx_word' id='word_1_171' title='bbox 334 1973 366 2005; x_wconf 88' lang='lat' dir='ltr'>zu</span> <span class='ocrx_word' id='word_1_172' title='bbox 375 1956 435 2006; x_wconf 82' lang='lat' dir='ltr'>Hoc.</span> <span class='ocrx_word' id='word_1_173' title='bbox 442 1955 495 2006; x_wconf 92' lang='lat' dir='ltr'>Sat.</span> <span class='ocrx_word' id='word_1_174' title='bbox 501 1954 530 2019; x_wconf 89' lang='lat' dir='ltr'>Il,</span> <span class='ocrx_word' id='word_1_175' title='bbox 538 1954 561 2021; x_wconf 88' lang='lat'>3,</span> <span class='ocrx_word' id='word_1_176' title='bbox 568 1955 609 2004; x_wconf 80' lang='lat'>97.</span> <span class='ocrx_word' id='word_1_177' title='bbox 664 1956 739 2007; x_wconf 82' lang='lat' dir='ltr'>Cotta</span> <span class='ocrx_word' id='word_1_178' title='bbox 752 1955 814 2007; x_wconf 85' lang='lat' dir='ltr'>oben</span> <span class='ocrx_word' id='word_1_179' title='bbox 825 1973 846 2007; x_wconf 91' lang='lat' dir='ltr'>c.</span> <span class='ocrx_word' id='word_1_180' title='bbox 857 1957 898 2018; x_wconf 82' lang='grc'>24,</span> <span class='ocrx_word' id='word_1_181' title='bbox 908 1955 940 2006; x_wconf 86' lang='grc'>68</span> <span class='ocrx_word' id='word_1_182' title='bbox 951 1963 1015 2020; x_wconf 74' lang='lat' dir='ltr'>sagt,</span> <span class='ocrx_word' id='word_1_183' title='bbox 1028 1957 1078 2006; x_wconf 87' lang='lat' dir='ltr'>und</span> <span class='ocrx_word' id='word_1_184' title='bbox 1086 1955 1169 2006; x_wconf 78' lang='lat' dir='ltr'>Vacuo</span> 
     </span>
     <span class='ocr_line' id='line_1_21' title="bbox 140 2023 1170 2090; baseline -0.005 -12"><span class='ocrx_word' id='word_1_185' title='bbox 140 2043 228 2078; x_wconf 76' lang='lat' dir='ltr'>mones</span> <span class='ocrx_word' id='word_1_186' title='bbox 239 2041 332 2076; x_wconf 70' lang='lat' dir='ltr'>censue</span> <span class='ocrx_word' id='word_1_187' title='bbox 343 2028 400 2075; x_wconf 80' lang='lat' dir='ltr'>ceri</span> <span class='ocrx_word' id='word_1_188' title='bbox 408 2026 520 2075; x_wconf 62' lang='lat' dir='ltr'>annuos.</span> <span class='ocrx_word' id='word_1_189' title='bbox 548 2023 609 2088; x_wconf 84' lang='lat' dir='ltr'>Epi·</span> <span class='ocrx_word' id='word_1_190' title='bbox 663 2024 697 2074; x_wconf 82' lang='lat' dir='ltr'>ir.</span> <span class='ocrx_word' id='word_1_191' title='bbox 706 2040 731 2090; x_wconf 90' lang='lat' dir='ltr'>p.</span> <span class='ocrx_word' id='word_1_192' title='bbox 742 2023 793 2074; x_wconf 82' lang='lat'>214</span> <span class='ocrx_word' id='word_1_193' title='bbox 802 2025 854 2090; x_wconf 84' lang='lat' dir='ltr'>Rip.</span> <span class='ocrx_word' id='word_1_194' title='bbox 876 2023 994 2088; x_wconf 78' lang='lat' dir='ltr'>Mbglicb,</span> <span class='ocrx_word' id='word_1_195' title='bbox 1006 2025 1065 2074; x_wconf 85' lang='lat' dir='ltr'>dass</span> <span class='ocrx_word' id='word_1_196' title='bbox 1075 2024 1170 2089; x_wconf 79' lang='lat' dir='ltr'>Epikur</span> 
     </span>
     <span class='ocr_line' id='line_1_22' title="bbox 102 2089 1170 2145; baseline -0.004 -1"><span class='ocrx_word' id='word_1_197' title='bbox 102 2095 168 2144; x_wconf 80' lang='lat' dir='ltr'>kors</span> <span class='ocrx_word' id='word_1_198' title='bbox 182 2093 284 2145; x_wconf 78' lang='lat' dir='ltr'>(iuliade</span> <span class='ocrx_word' id='word_1_199' title='bbox 300 2089 374 2142; x_wconf 75' lang='lat' dir='ltr'>dalaia</span> <span class='ocrx_word' id='word_1_200' title='bbox 391 2098 459 2142; x_wconf 87' lang='lat' dir='ltr'>setzt</span> <span class='ocrx_word' id='word_1_201' title='bbox 474 2091 609 2140; x_wconf 84' lang='lat' dir='ltr'>Lucretius</span> <span class='ocrx_word' id='word_1_202' title='bbox 664 2092 746 2142; x_wconf 84' lang='lat' dir='ltr'>selbst</span> <span class='ocrx_word' id='word_1_203' title='bbox 763 2093 815 2142; x_wconf 88' lang='lat' dir='ltr'>sicb</span> <span class='ocrx_word' id='word_1_204' title='bbox 833 2093 896 2142; x_wconf 79' lang='lat' dir='ltr'>iiber</span> <span class='ocrx_word' id='word_1_205' title='bbox 907 2093 993 2142; x_wconf 89' lang='lat' dir='ltr'>diesen</span> <span class='ocrx_word' id='word_1_206' title='bbox 1006 2091 1090 2141; x_wconf 83' lang='lat' dir='ltr'>Punkt</span> <span class='ocrx_word' id='word_1_207' title='bbox 1102 2091 1170 2141; x_wconf 88' lang='lat' dir='ltr'>uiobt</span> 
     </span>
     <span class='ocr_line' id='line_1_23' title="bbox 102 2157 1169 2226; baseline -0.006 -13"><span class='ocrx_word' id='word_1_208' title='bbox 102 2162 271 2213; x_wconf 80' lang='lat' dir='ltr'>uuseinanden</span> <span class='ocrx_word' id='word_1_209' title='bbox 288 2159 330 2224; x_wconf 89' lang='lat' dir='ltr'>IV,</span> <span class='ocrx_word' id='word_1_210' title='bbox 348 2159 398 2209; x_wconf 82' lang='lat'>480</span> <span class='ocrx_word' id='word_1_211' title='bbox 416 2159 441 2210; x_wconf 81' lang='lat' dir='ltr'>tf.</span> <span class='ocrx_word' id='word_1_212' title='bbox 466 2158 530 2209; x_wconf 88' lang='lat' dir='ltr'>Was</span> <span class='ocrx_word' id='word_1_213' title='bbox 551 2174 608 2209; x_wconf 85' lang='lat' dir='ltr'>man</span> <span class='ocrx_word' id='word_1_214' title='bbox 663 2160 987 2226; x_wconf 77' lang='lat' dir='ltr'>deutlicbausgesprooben,</span> <span class='ocrx_word' id='word_1_215' title='bbox 998 2161 1106 2210; x_wconf 87' lang='lat' dir='ltr'>sondem</span> <span class='ocrx_word' id='word_1_216' title='bbox 1117 2157 1169 2208; x_wconf 81' lang='lat' dir='ltr'>sicta</span> 
     </span>
     <span class='ocr_line' id='line_1_24' title="bbox 102 2225 1169 2294; baseline -0.006 -13"><span class='ocrx_word' id='word_1_217' title='bbox 102 2229 341 2290; x_wconf 72' lang='lat' dir='ltr'>Sinuentiiusobuog</span> <span class='ocrx_word' id='word_1_218' title='bbox 361 2243 455 2290; x_wconf 85' lang='lat' dir='ltr'>nenne,</span> <span class='ocrx_word' id='word_1_219' title='bbox 480 2227 517 2277; x_wconf 87' lang='lat' dir='ltr'>sei</span> <span class='ocrx_word' id='word_1_220' title='bbox 541 2227 610 2276; x_wconf 88' lang='lat' dir='ltr'>niobt</span> <span class='ocrx_word' id='word_1_221' title='bbox 662 2229 773 2292; x_wconf 75' lang='lat' dir='ltr'>begniigt</span> <span class='ocrx_word' id='word_1_222' title='bbox 789 2230 844 2294; x_wconf 87' lang='lat' dir='ltr'>bat,</span> <span class='ocrx_word' id='word_1_223' title='bbox 865 2230 911 2277; x_wconf 91' lang='lat' dir='ltr'>mit</span> <span class='ocrx_word' id='word_1_224' title='bbox 925 2226 1053 2290; x_wconf 80' lang='lat' dir='ltr'>beruiung</span> <span class='ocrx_word' id='word_1_225' title='bbox 1069 2225 1114 2277; x_wconf 81' lang='lat' dir='ltr'>aul</span> <span class='ocrx_word' id='word_1_226' title='bbox 1129 2227 1169 2275; x_wconf 85' lang='lat' dir='ltr'>die</span> 
     </span>
     <span class='ocr_line' id='line_1_25' title="bbox 103 2291 1169 2366; baseline -0.006 -18"><span class='ocrx_word' id='word_1_227' title='bbox 103 2297 198 2348; x_wconf 86' lang='lat' dir='ltr'>Schuld</span> <span class='ocrx_word' id='word_1_228' title='bbox 219 2297 264 2347; x_wconf 85' lang='lat' dir='ltr'>dec</span> <span class='ocrx_word' id='word_1_229' title='bbox 285 2297 361 2346; x_wconf 90' lang='lat' dir='ltr'>Sinne</span> <span class='ocrx_word' id='word_1_230' title='bbox 383 2296 475 2358; x_wconf 84' lang='lat' dir='ltr'>selbst,</span> <span class='ocrx_word' id='word_1_231' title='bbox 501 2295 609 2344; x_wconf 85' lang='lat' dir='ltr'>scudem</span> <span class='ocrx_word' id='word_1_232' title='bbox 663 2291 820 2366; x_wconf 71' lang='grc' dir='ltr'><strong><em>πρόληψις,</em></strong></span> <span class='ocrx_word' id='word_1_233' title='bbox 839 2297 879 2346; x_wconf 89' lang='lat' dir='ltr'>die</span> <span class='ocrx_word' id='word_1_234' title='bbox 892 2293 1169 2347; x_wconf 79' lang='lat' dir='ltr'>Unstecblicblieitund</span> 
     </span>
     <span class='ocr_line' id='line_1_26' title="bbox 103 2361 1169 2427; baseline -0.007 -11"><span class='ocrx_word' id='word_1_235' title='bbox 103 2365 199 2416; x_wconf 87' lang='lat' dir='ltr'>Sebuld</span> <span class='ocrx_word' id='word_1_236' title='bbox 220 2364 290 2414; x_wconf 82' lang='lat' dir='ltr'>cinei·</span> <span class='ocrx_word' id='word_1_237' title='bbox 306 2364 462 2426; x_wconf 70' lang='lat' dir='ltr'>uncicbtigeu</span> <span class='ocrx_word' id='word_1_238' title='bbox 478 2362 609 2412; x_wconf 81' lang='lat' dir='ltr'>lleurtbei-</span> <span class='ocrx_word' id='word_1_239' title='bbox 664 2363 788 2427; x_wconf 79' lang='lat' dir='ltr'>Seligkeit</span> <span class='ocrx_word' id='word_1_240' title='bbox 799 2365 846 2413; x_wconf 79' lang='lat' dir='ltr'>det·</span> <span class='ocrx_word' id='word_1_241' title='bbox 858 2361 951 2413; x_wconf 80' lang='lat' dir='ltr'>Glittec</span> <span class='ocrx_word' id='word_1_242' title='bbox 967 2378 999 2412; x_wconf 87' lang='lat' dir='ltr'>zu</span> <span class='ocrx_word' id='word_1_243' title='bbox 1016 2363 1169 2426; x_wconf 81' lang='lat' dir='ltr'>bebaupteu:</span> 
     </span>
     <span class='ocr_line' id='line_1_27' title="bbox 103 2430 1169 2496; baseline -0.007 -12"><span class='ocrx_word' id='word_1_244' title='bbox 103 2435 166 2496; x_wconf 70' lang='lat' dir='ltr'>luug</span> <span class='ocrx_word' id='word_1_245' title='bbox 184 2433 228 2482; x_wconf 76' lang='lat' dir='ltr'>(les</span> <span class='ocrx_word' id='word_1_246' title='bbox 247 2432 384 2482; x_wconf 87' lang='lat' dir='ltr'>sinniicben</span> <span class='ocrx_word' id='word_1_247' title='bbox 399 2430 564 2492; x_wconf 78' lang='lat' dir='ltr'>llindruckes,</span> <span class='ocrx_word' id='word_1_248' title='bbox 583 2445 608 2478; x_wconf 87' lang='lat' dir='ltr'>v.</span> <span class='ocrx_word' id='word_1_249' title='bbox 664 2431 695 2480; x_wconf 94' lang='lat' dir='ltr'>ob</span> <span class='ocrx_word' id='word_1_250' title='bbox 716 2432 778 2480; x_wconf 84' lang='lat' dir='ltr'>aber</span> <span class='ocrx_word' id='word_1_251' title='bbox 793 2431 843 2480; x_wconf 83' lang='lat' dir='ltr'>und</span> <span class='ocrx_word' id='word_1_252' title='bbox 859 2431 908 2479; x_wconf 87' lang='lat' dir='ltr'>wic</span> <span class='ocrx_word' id='word_1_253' title='bbox 929 2431 969 2479; x_wconf 83' lang='lat' dir='ltr'>ibi·</span> <span class='ocrx_word' id='word_1_254' title='bbox 986 2433 1062 2495; x_wconf 77' lang='lat' dir='ltr'>quasi</span> <span class='ocrx_word' id='word_1_255' title='bbox 1075 2443 1169 2494; x_wconf 68' lang='lat' dir='ltr'>eorpus</span> 
     </span>
     <span class='ocr_line' id='line_1_28' title="bbox 103 2493 1170 2559; baseline -0.007 -9"><span class='ocrx_word' id='word_1_256' title='bbox 103 2499 156 2551; x_wconf 86' lang='grc'>464</span> <span class='ocrx_word' id='word_1_257' title='bbox 170 2501 194 2550; x_wconf 80' lang='lat' dir='ltr'>li.</span> <span class='ocrx_word' id='word_1_258' title='bbox 663 2513 709 2548; x_wconf 88' lang='lat' dir='ltr'>aus</span> <span class='ocrx_word' id='word_1_259' title='bbox 721 2498 827 2548; x_wconf 79' lang='lat' dir='ltr'>Atomeu</span> <span class='ocrx_word' id='word_1_260' title='bbox 846 2496 955 2559; x_wconf 80' lang='lat' dir='ltr'>gebildet</span> <span class='ocrx_word' id='word_1_261' title='bbox 971 2497 1023 2558; x_wconf 83' lang='lat' dir='ltr'>sei,</span> <span class='ocrx_word' id='word_1_262' title='bbox 1040 2496 1086 2544; x_wconf 88' lang='lat' dir='ltr'>mit</span> <span class='ocrx_word' id='word_1_263' title='bbox 1097 2493 1170 2543; x_wconf 86' lang='lat' dir='ltr'>stitt-</span> 
     </span>
     <span class='ocr_line' id='line_1_29' title="bbox 137 2558 1169 2628; baseline -0.011 -9"><span class='ocrx_word' id='word_1_264' title='bbox 137 2565 204 2619; x_wconf 73' lang='lat' dir='ltr'>m‘lnl</span> <span class='ocrx_word' id='word_1_265' title='bbox 217 2595 250 2604; x_wconf 92' lang='lat'><em>-</em></span> <span class='ocrx_word' id='word_1_266' title='bbox 267 2567 346 2616; x_wconf 66' lang='lat' dir='ltr'>ocinus</span> <span class='ocrx_word' id='word_1_267' title='bbox 362 2565 450 2616; x_wconf 80' lang='lat' dir='ltr'>callide</span> <span class='ocrx_word' id='word_1_268' title='bbox 465 2564 506 2614; x_wconf 81' lang='lat' dir='ltr'>iiia</span> <span class='ocrx_word' id='word_1_269' title='bbox 521 2565 610 2614; x_wconf 79' lang='lat' dir='ltr'>aumo-</span> <span class='ocrx_word' id='word_1_270' title='bbox 664 2565 807 2628; x_wconf 78' lang='lat' dir='ltr'>scbweigen</span> <span class='ocrx_word' id='word_1_271' title='bbox 829 2564 990 2625; x_wconf 77' lang='lat' dir='ltr'>libet-gangen</span> <span class='ocrx_word' id='word_1_272' title='bbox 1011 2563 1061 2611; x_wconf 78' lang='lat' dir='ltr'>bat</span> <span class='ocrx_word' id='word_1_273' title='bbox 1078 2587 1113 2596; x_wconf 88' lang='lat'>—</span> <span class='ocrx_word' id='word_1_274' title='bbox 1133 2558 1169 2608; x_wconf 78' lang='lat' dir='ltr'>Eu</span> 
     </span>
     <span class='ocr_line' id='line_1_30' title="bbox 104 2625 1169 2694; baseline -0.013 -6"><span class='ocrx_word' id='word_1_275' title='bbox 104 2637 219 2688; x_wconf 78' lang='lat' dir='ltr'>domoc.</span> <span class='ocrx_word' id='word_1_276' title='bbox 232 2632 305 2684; x_wconf 81' lang='lat' dir='ltr'>valde</span> <span class='ocrx_word' id='word_1_277' title='bbox 316 2631 410 2682; x_wconf 76' lang='lat' dir='ltr'>callt&#39;ele.</span> <span class='ocrx_word' id='word_1_278' title='bbox 435 2631 468 2680; x_wconf 91' lang='lat' dir='ltr'>So</span> <span class='ocrx_word' id='word_1_279' title='bbox 481 2633 542 2682; x_wconf 81' lang='lat' dir='ltr'>auob</span> <span class='ocrx_word' id='word_1_280' title='bbox 558 2647 610 2682; x_wconf 81' lang='lat' dir='ltr'>non</span> <span class='ocrx_word' id='word_1_281' title='bbox 665 2633 699 2682; x_wconf 87' lang='lat' dir='ltr'>ist</span> <span class='ocrx_word' id='word_1_282' title='bbox 711 2633 757 2680; x_wconf 85' lang='lat' dir='ltr'>den</span> <span class='ocrx_word' id='word_1_283' title='bbox 769 2630 887 2694; x_wconf 69' lang='lat' dir='ltr'>Gegncrn</span> <span class='ocrx_word' id='word_1_284' title='bbox 897 2630 967 2678; x_wconf 88' lang='lat' dir='ltr'>nieht</span> <span class='ocrx_word' id='word_1_285' title='bbox 975 2644 1007 2676; x_wconf 85' lang='lat' dir='ltr'>zu</span> <span class='ocrx_word' id='word_1_286' title='bbox 1015 2625 1169 2690; x_wconf 77' lang='lat' dir='ltr'>veudenlaen,</span> 
     </span>
     <span class='ocr_line' id='line_1_31' title="bbox 103 2694 1169 2758; baseline -0.013 -3"><span class='ocrx_word' id='word_1_287' title='bbox 103 2707 182 2754; x_wconf 69' lang='lat' dir='ltr'>ninus</span> <span class='ocrx_word' id='word_1_288' title='bbox 194 2703 238 2753; x_wconf 78' lang='lat' dir='ltr'>tur</span> <span class='ocrx_word' id='word_1_289' title='bbox 250 2701 334 2750; x_wconf 87' lang='lat' dir='ltr'>niobt</span> <span class='ocrx_word' id='word_1_290' title='bbox 346 2699 538 2750; x_wconf 78' lang='lat' dir='ltr'>sonderlicb.</span> <span class='ocrx_word' id='word_1_291' title='bbox 557 2698 620 2748; x_wconf 74' lang='lat' dir='ltr'>Cic..</span> <span class='ocrx_word' id='word_1_292' title='bbox 663 2713 737 2749; x_wconf 82' lang='lat' dir='ltr'>wenc</span> <span class='ocrx_word' id='word_1_293' title='bbox 751 2699 788 2746; x_wconf 86' lang='lat' dir='ltr'>sie</span> <span class='ocrx_word' id='word_1_294' title='bbox 801 2699 841 2746; x_wconf 87' lang='lat' dir='ltr'>ibn</span> <span class='ocrx_word' id='word_1_295' title='bbox 853 2695 1052 2758; x_wconf 71' lang='lat' dir='ltr'>bescbuldigten,</span> <span class='ocrx_word' id='word_1_296' title='bbox 1070 2694 1128 2743; x_wconf 83' lang='lat' dir='ltr'>dass</span> <span class='ocrx_word' id='word_1_297' title='bbox 1141 2707 1169 2742; x_wconf 86' lang='lat' dir='ltr'>os</span> 
     </span>
     <span class='ocr_line' id='line_1_32' title="bbox 104 2760 1170 2832; baseline -0.013 -9"><span class='ocrx_word' id='word_1_298' title='bbox 104 2773 156 2822; x_wconf 84' lang='lat' dir='ltr'>(liv.</span> <span class='ocrx_word' id='word_1_299' title='bbox 173 2772 199 2821; x_wconf 93' lang='lat' dir='ltr'>in</span> <span class='ocrx_word' id='word_1_300' title='bbox 216 2768 308 2819; x_wconf 86' lang='lat' dir='ltr'>Caecil.</span> <span class='ocrx_word' id='word_1_301' title='bbox 327 2784 349 2817; x_wconf 88' lang='lat' dir='ltr'>c.</span> <span class='ocrx_word' id='word_1_302' title='bbox 366 2766 407 2832; x_wconf 82' lang='lat'>22,</span> <span class='ocrx_word' id='word_1_303' title='bbox 424 2765 469 2814; x_wconf 80' lang='lat'>71:</span> <span class='ocrx_word' id='word_1_304' title='bbox 490 2765 542 2816; x_wconf 85' lang='lat' dir='ltr'>Hoc</span> <span class='ocrx_word' id='word_1_305' title='bbox 557 2770 610 2815; x_wconf 79' lang='lat' dir='ltr'>sto·</span> <span class='ocrx_word' id='word_1_306' title='bbox 663 2767 713 2816; x_wconf 88' lang='lat' dir='ltr'>ihm</span> <span class='ocrx_word' id='word_1_307' title='bbox 733 2765 874 2827; x_wconf 74' lang='lat' dir='ltr'>libet-haupt</span> <span class='ocrx_word' id='word_1_308' title='bbox 893 2763 938 2812; x_wconf 87' lang='lat' dir='ltr'>mit</span> <span class='ocrx_word' id='word_1_309' title='bbox 955 2760 1050 2823; x_wconf 76' lang='lat' dir='ltr'>Alieni,</span> <span class='ocrx_word' id='word_1_310' title='bbox 1070 2771 1124 2809; x_wconf 83' lang='lat' dir='ltr'>was</span> <span class='ocrx_word' id='word_1_311' title='bbox 1141 2776 1170 2810; x_wconf 85' lang='lat' dir='ltr'>er</span> 
     </span>
     <span class='ocr_line' id='line_1_33' title="bbox 104 2828 1170 2904; baseline -0.013 -13"><span class='ocrx_word' id='word_1_312' title='bbox 104 2846 188 2904; x_wconf 55' lang='lat' dir='ltr'>tuae,</span> <span class='ocrx_word' id='word_1_313' title='bbox 211 2836 319 2899; x_wconf 78' lang='lat' dir='ltr'>iudices,</span> <span class='ocrx_word' id='word_1_314' title='bbox 342 2835 452 2898; x_wconf 73' lang='lat' dir='ltr'>debetis,</span> <span class='ocrx_word' id='word_1_315' title='bbox 476 2831 611 2883; x_wconf 75' lang='lat' dir='ltr'>Caecilium</span> <span class='ocrx_word' id='word_1_316' title='bbox 663 2849 714 2884; x_wconf 85' lang='lat' dir='ltr'>von</span> <span class='ocrx_word' id='word_1_317' title='bbox 736 2833 783 2880; x_wconf 86' lang='lat' dir='ltr'>deu</span> <span class='ocrx_word' id='word_1_318' title='bbox 800 2830 908 2882; x_wconf 81' lang='lat' dir='ltr'>Giittern</span> <span class='ocrx_word' id='word_1_319' title='bbox 930 2836 1015 2894; x_wconf 75' lang='lat' dir='ltr'>sugte,</span> <span class='ocrx_word' id='word_1_320' title='bbox 1036 2843 1083 2892; x_wconf 76' lang='lat' dir='ltr'>gar</span> <span class='ocrx_word' id='word_1_321' title='bbox 1102 2828 1170 2878; x_wconf 91' lang='lat' dir='ltr'>nicbt</span> 
     </span>
     <span class='ocr_line' id='line_1_34' title="bbox 103 2899 925 2964; baseline -0.017 -4"><span class='ocrx_word' id='word_1_322' title='bbox 103 2925 156 2960; x_wconf 83' lang='lat' dir='ltr'>uon</span> <span class='ocrx_word' id='word_1_323' title='bbox 164 2906 611 2964; x_wconf 69' lang='lat' dir='ltr'>mmsbeneoeuesemsevere,non</span> <span class='ocrx_word' id='word_1_324' title='bbox 664 2900 746 2951; x_wconf 80' lang='lat' dir='ltr'>Ernst</span> <span class='ocrx_word' id='word_1_325' title='bbox 757 2899 802 2948; x_wconf 86' lang='lat' dir='ltr'>sei.</span> <span class='ocrx_word' id='word_1_326' title='bbox 920 2937 925 2962; x_wconf 66' lang='lat'>,</span> 
     </span>
     <span class='ocr_line' id='line_1_35' title="bbox 103 2965 1169 3038; baseline -0.012 -11"><span class='ocrx_word' id='word_1_327' title='bbox 103 2978 182 3027; x_wconf 66' lang='lat' dir='ltr'>nebus</span> <span class='ocrx_word' id='word_1_328' title='bbox 191 2967 611 3038; x_wconf 76' lang='lat' dir='ltr'>accurate,nonnimtediligenter</span> <span class='ocrx_word' id='word_1_329' title='bbox 661 2991 670 3009; x_wconf 91' lang='lat'><strong>·</strong></span> <span class='ocrx_word' id='word_1_330' title='bbox 699 2965 1169 3034; x_wconf 77' lang='lat' dir='ltr'>eedtomquomcorpossoil.eeseeit‚</span> 
     </span>
     <span class='ocr_line' id='line_1_36' title="bbox 104 3035 1170 3104; baseline -0.012 -9"><span class='ocrx_word' id='word_1_331' title='bbox 104 3048 234 3095; x_wconf 78' lang='lat' dir='ltr'>acturum.</span> <span class='ocrx_word' id='word_1_332' title='bbox 258 3039 361 3090; x_wconf 85' lang='lat' dir='ltr'>Tuscul.</span> <span class='ocrx_word' id='word_1_333' title='bbox 379 3039 413 3104; x_wconf 92' lang='lat' dir='ltr'>V,</span> <span class='ocrx_word' id='word_1_334' title='bbox 431 3037 475 3100; x_wconf 88' lang='lat'>33,</span> <span class='ocrx_word' id='word_1_335' title='bbox 494 3035 538 3086; x_wconf 76' lang='lat'>932</span> <span class='ocrx_word' id='word_1_336' title='bbox 559 3051 611 3086; x_wconf 81' lang='lat' dir='ltr'>non</span> <span class='ocrx_word' id='word_1_337' title='bbox 664 3051 718 3087; x_wconf 85' lang='lat' dir='ltr'>was</span> <span class='ocrx_word' id='word_1_338' title='bbox 730 3051 776 3085; x_wconf 90' lang='lat' dir='ltr'>aus</span> <span class='ocrx_word' id='word_1_339' title='bbox 789 3036 1170 3100; x_wconf 77' lang='lat' dir='ltr'>demvocbeug.negutzuent·</span> 
     </span>
     <span class='ocr_line' id='line_1_37' title="bbox 103 3087 1191 3176; baseline -0.014 -12"><span class='ocrx_word' id='word_1_340' title='bbox 103 3115 182 3164; x_wconf 63' lang='lat' dir='ltr'>sumis</span> <span class='ocrx_word' id='word_1_341' title='bbox 198 3111 321 3176; x_wconf 75' lang='lat' dir='ltr'>sortasse</span> <span class='ocrx_word' id='word_1_342' title='bbox 347 3105 486 3169; x_wconf 74' lang='lat' dir='ltr'>eulbb&#39;ter,</span> <span class='ocrx_word' id='word_1_343' title='bbox 515 3103 612 3154; x_wconf 81' lang='lat' dir='ltr'>utiliter</span> <span class='ocrx_word' id='word_1_344' title='bbox 665 3099 782 3165; x_wconf 73' lang='lat' dir='ltr'>uelamen,</span> <span class='ocrx_word' id='word_1_345' title='bbox 803 3103 852 3152; x_wconf 83' lang='lat' dir='ltr'>wie</span> <span class='ocrx_word' id='word_1_346' title='bbox 874 3103 905 3152; x_wconf 85' lang='lat' dir='ltr'>de</span> <span class='ocrx_word' id='word_1_347' title='bbox 926 3102 1000 3152; x_wconf 74' lang='lat' dir='ltr'>ilino.</span> <span class='ocrx_word' id='word_1_348' title='bbox 1018 3101 1047 3166; x_wconf 90' lang='lat' dir='ltr'>V,</span> <span class='ocrx_word' id='word_1_349' title='bbox 1064 3100 1106 3162; x_wconf 82' lang='lat'>29,</span> <span class='ocrx_word' id='word_1_350' title='bbox 1124 3087 1191 3150; x_wconf 73' lang='lat'>882‘</span> 
     </span>
     <span class='ocr_line' id='line_1_38' title="bbox 105 3170 1170 3236; baseline -0.014 -4"><span class='ocrx_word' id='word_1_351' title='bbox 105 3184 202 3231; x_wconf 69' lang='lat' dir='ltr'>manen.</span> <span class='ocrx_word' id='word_1_352' title='bbox 665 3171 711 3222; x_wconf 86' lang='lat' dir='ltr'>Ille</span> <span class='ocrx_word' id='word_1_353' title='bbox 727 3170 823 3222; x_wconf 82' lang='lat' dir='ltr'>Metelli</span> <span class='ocrx_word' id='word_1_354' title='bbox 837 3173 917 3221; x_wconf 81' lang='lat' dir='ltr'>vitem</span> <span class='ocrx_word' id='word_1_355' title='bbox 932 3174 1014 3236; x_wconf 59' lang='lat' dir='ltr'>nega</span> <span class='ocrx_word' id='word_1_356' title='bbox 1030 3172 1170 3220; x_wconf 80' lang='lat' dir='ltr'>beatiorem</span> 
     </span>
     <span class='ocr_line' id='line_1_39' title="bbox 141 3237 1169 3309; baseline -0.015 -13"><span class='ocrx_word' id='word_1_357' title='bbox 141 3247 183 3297; x_wconf 81' lang='lat'>71.</span> <span class='ocrx_word' id='word_1_358' title='bbox 202 3245 265 3296; x_wconf 83' lang='lat' dir='ltr'>dum</span> <span class='ocrx_word' id='word_1_359' title='bbox 274 3243 377 3295; x_wconf 74' lang='lat' dir='ltr'>obdit-ld.</span> <span class='ocrx_word' id='word_1_360' title='bbox 387 3257 457 3309; x_wconf 78' lang='lat' dir='ltr'>corp.</span> <span class='ocrx_word' id='word_1_361' title='bbox 470 3239 612 3304; x_wconf 82' lang='lat' dir='ltr'>concr.su·</span> <span class='ocrx_word' id='word_1_362' title='bbox 664 3239 846 3307; x_wconf 77' lang='lat' dir='ltr'>petemliegaeli,</span> <span class='ocrx_word' id='word_1_363' title='bbox 855 3237 1063 3308; x_wconf 69' lang='lat' dir='ltr'>praeponendam</span> <span class='ocrx_word' id='word_1_364' title='bbox 1072 3239 1169 3284; x_wconf 66' lang='lat' dir='ltr'>&amp;omem</span> 
     </span>
     <span class='ocr_line' id='line_1_40' title="bbox 130 3306 879 3372; baseline -0.013 -6"><span class='ocrx_word' id='word_1_365' title='bbox 130 3319 154 3366; x_wconf 83' lang='lat' dir='ltr'>t.</span> <span class='ocrx_word' id='word_1_366' title='bbox 179 3313 303 3364; x_wconf 85' lang='lat' dir='ltr'>Hiemucb</span> <span class='ocrx_word' id='word_1_367' title='bbox 321 3312 481 3362; x_wconf 82' lang='lat' dir='ltr'>kllunteman</span> <span class='ocrx_word' id='word_1_368' title='bbox 495 3306 610 3372; x_wconf 81' lang='lat' dir='ltr'>glauben,</span> <span class='ocrx_word' id='word_1_369' title='bbox 636 3358 639 3368; x_wconf 70' lang='grc'><strong>,</strong></span> <span class='ocrx_word' id='word_1_370' title='bbox 664 3325 689 3358; x_wconf 91' lang='lat' dir='ltr'>u.</span> <span class='ocrx_word' id='word_1_371' title='bbox 702 3315 775 3358; x_wconf 88' lang='lat' dir='ltr'>soust</span> <span class='ocrx_word' id='word_1_372' title='bbox 788 3306 879 3370; x_wconf 77' lang='lat' dir='ltr'>biiulig.</span> 
     </span>
     <span class='ocr_line' id='line_1_41' title="bbox 130 3362 1168 3450; baseline -0.023 -18"><span class='ocrx_word' id='word_1_373' title='bbox 130 3383 204 3450; x_wconf 81' lang='lat' dir='ltr'>piknr</span> <span class='ocrx_word' id='word_1_374' title='bbox 222 3380 285 3430; x_wconf 84' lang='lat' dir='ltr'>habe</span> <span class='ocrx_word' id='word_1_375' title='bbox 307 3379 347 3430; x_wconf 83' lang='lat' dir='ltr'>die</span> <span class='ocrx_word' id='word_1_376' title='bbox 366 3377 458 3429; x_wconf 76' lang='lat' dir='ltr'>thtei·</span> <span class='ocrx_word' id='word_1_377' title='bbox 477 3377 545 3426; x_wconf 91' lang='lat' dir='ltr'>nicht</span> <span class='ocrx_word' id='word_1_378' title='bbox 562 3375 611 3424; x_wconf 88' lang='lat' dir='ltr'>wie</span> <span class='ocrx_word' id='word_1_379' title='bbox 684 3362 752 3426; x_wconf 66' lang='lat'>¹20.</span> <span class='ocrx_word' id='word_1_380' title='bbox 771 3371 1051 3426; x_wconf 71' lang='lat' dir='ltr'>Mirattteatdomroto.</span> <span class='ocrx_word' id='word_1_381' title='bbox 1069 3362 1168 3424; x_wconf 56' lang='lat' dir='ltr'>Vetus</span> 
     </span>
     <span class='ocr_line' id='line_1_42' title="bbox 107 3425 1169 3509; baseline -0.024 -7"><span class='ocrx_word' id='word_1_382' title='bbox 107 3453 171 3503; x_wconf 88' lang='lat' dir='ltr'>alles</span> <span class='ocrx_word' id='word_1_383' title='bbox 183 3448 285 3499; x_wconf 77' lang='lat' dir='ltr'>Abdere</span> <span class='ocrx_word' id='word_1_384' title='bbox 303 3462 348 3497; x_wconf 84' lang='lat' dir='ltr'>aus</span> <span class='ocrx_word' id='word_1_385' title='bbox 366 3445 473 3495; x_wconf 80' lang='lat' dir='ltr'>Atomeu</span> <span class='ocrx_word' id='word_1_386' title='bbox 490 3444 611 3493; x_wconf 88' lang='lat' dir='ltr'>bestebeu</span> <span class='ocrx_word' id='word_1_387' title='bbox 665 3444 721 3494; x_wconf 87' lang='lat' dir='ltr'>Div.</span> <span class='ocrx_word' id='word_1_388' title='bbox 735 3443 770 3505; x_wconf 92' lang='lat' dir='ltr'>ll,</span> <span class='ocrx_word' id='word_1_389' title='bbox 783 3441 828 3502; x_wconf 83' lang='lat'>24,</span> <span class='ocrx_word' id='word_1_390' title='bbox 846 3454 886 3488; x_wconf 89' lang='lat' dir='ltr'>wo</span> <span class='ocrx_word' id='word_1_391' title='bbox 903 3437 957 3484; x_wconf 87' lang='lat' dir='ltr'>dics</span> <span class='ocrx_word' id='word_1_392' title='bbox 973 3434 1011 3509; x_wconf 79' lang='lat' dir='ltr'>uls</span> <span class='ocrx_word' id='word_1_393' title='bbox 1023 3425 1169 3507; x_wconf 77' lang='lat' dir='ltr'>Ausspuuch</span> 
     </span>
     <span class='ocr_line' id='line_1_43' title="bbox 106 3495 1126 3580; baseline -0.025 -9"><span class='ocrx_word' id='word_1_394' title='bbox 106 3521 206 3580; x_wconf 88' lang='lat' dir='ltr'>lasseu,</span> <span class='ocrx_word' id='word_1_395' title='bbox 223 3516 344 3577; x_wconf 82' lang='lat' dir='ltr'>scudem,</span> <span class='ocrx_word' id='word_1_396' title='bbox 361 3513 439 3563; x_wconf 87' lang='lat' dir='ltr'>sowie</span> <span class='ocrx_word' id='word_1_397' title='bbox 457 3527 486 3561; x_wconf 79' lang='lat' dir='ltr'>eu</span> <span class='ocrx_word' id='word_1_398' title='bbox 502 3511 574 3561; x_wconf 88' lang='lat' dir='ltr'>ibuen</span> <span class='ocrx_word' id='word_1_399' title='bbox 586 3510 611 3560; x_wconf 93' lang='lat' dir='ltr'>in</span> <span class='ocrx_word' id='word_1_400' title='bbox 665 3513 710 3562; x_wconf 85' lang='lat' dir='ltr'>des</span> <span class='ocrx_word' id='word_1_401' title='bbox 723 3511 821 3560; x_wconf 79' lang='lat' dir='ltr'>iiltereu</span> <span class='ocrx_word' id='word_1_402' title='bbox 835 3505 895 3554; x_wconf 84' lang='lat' dir='ltr'>Cato</span> <span class='ocrx_word' id='word_1_403' title='bbox 908 3498 1042 3562; x_wconf 76' lang='lat' dir='ltr'>angefubct</span> <span class='ocrx_word' id='word_1_404' title='bbox 1053 3495 1126 3546; x_wconf 79' lang='lat' dir='ltr'>ward.</span> 
     </span>
     <span class='ocr_line' id='line_1_44' title="bbox 107 3569 1168 3638; baseline -0.025 -1"><span class='ocrx_word' id='word_1_405' title='bbox 107 3590 155 3638; x_wconf 85' lang='lat' dir='ltr'>den</span> <span class='ocrx_word' id='word_1_406' title='bbox 165 3583 350 3636; x_wconf 80' lang='lat' dir='ltr'>intermundien</span> <span class='ocrx_word' id='word_1_407' title='bbox 360 3582 473 3632; x_wconf 86' lang='lat' dir='ltr'>einevou</span> <span class='ocrx_word' id='word_1_408' title='bbox 483 3577 611 3628; x_wconf 78' lang='lat' dir='ltr'>(leuWel-</span> <span class='ocrx_word' id='word_1_409' title='bbox 701 3580 727 3627; x_wconf 82' lang='lat' dir='ltr'>ei</span> <span class='ocrx_word' id='word_1_410' title='bbox 744 3575 774 3626; x_wconf 83' lang='lat' dir='ltr'>id</span> <span class='ocrx_word' id='word_1_411' title='bbox 788 3577 814 3622; x_wconf 77' lang='lat' dir='ltr'>tac</span> <span class='ocrx_word' id='word_1_412' title='bbox 831 3571 898 3620; x_wconf 75' lang='lat' dir='ltr'>cerie</span> <span class='ocrx_word' id='word_1_413' title='bbox 912 3569 1072 3634; x_wconf 76' lang='lat' dir='ltr'>fingeretur:</span> <span class='ocrx_word' id='word_1_414' title='bbox 1094 3577 1168 3613; x_wconf 83' lang='lat' dir='ltr'>wcun</span> 
     </span>
     <span class='ocr_line' id='line_1_45' title="bbox 107 3633 1173 3715; baseline -0.019 -11"><span class='ocrx_word' id='word_1_415' title='bbox 107 3663 150 3706; x_wconf 87' lang='lat' dir='ltr'>ten</span> <span class='ocrx_word' id='word_1_416' title='bbox 163 3653 347 3715; x_wconf 75' lang='lat' dir='ltr'>abgesonderte</span> <span class='ocrx_word' id='word_1_417' title='bbox 361 3647 495 3710; x_wconf 72' lang='lat' dir='ltr'>Wobnuug</span> <span class='ocrx_word' id='word_1_418' title='bbox 511 3647 611 3709; x_wconf 83' lang='lat' dir='ltr'>anwies,</span> <span class='ocrx_word' id='word_1_419' title='bbox 666 3645 744 3694; x_wconf 76' lang='lat' dir='ltr'>itiner</span> <span class='ocrx_word' id='word_1_420' title='bbox 767 3641 852 3688; x_wconf 84' lang='lat' dir='ltr'>diesen</span> <span class='ocrx_word' id='word_1_421' title='bbox 877 3634 970 3715; x_wconf 78' lang='lat' dir='ltr'>Eiulall</span> <span class='ocrx_word' id='word_1_422' title='bbox 995 3634 1020 3682; x_wconf 93' lang='lat' dir='ltr'>in</span> <span class='ocrx_word' id='word_1_423' title='bbox 1043 3633 1103 3714; x_wconf 73' lang='lat' dir='ltr'>ben.</span> <span class='ocrx_word' id='word_1_424' title='bbox 1127 3633 1173 3684; x_wconf 83' lang='lat' dir='ltr'>aui</span> 
     </span>
     <span class='ocr_line' id='line_1_46' title="bbox 110 3697 1173 3773; baseline -0.019 -1"><span class='ocrx_word' id='word_1_425' title='bbox 110 3739 137 3773; x_wconf 88' lang='lat' dir='ltr'>so</span> <span class='ocrx_word' id='word_1_426' title='bbox 153 3722 228 3772; x_wconf 87' lang='lat' dir='ltr'>ibuen</span> <span class='ocrx_word' id='word_1_427' title='bbox 241 3720 303 3769; x_wconf 88' lang='lat' dir='ltr'>aucb</span> <span class='ocrx_word' id='word_1_428' title='bbox 321 3717 378 3768; x_wconf 87' lang='lat' dir='ltr'>eine</span> <span class='ocrx_word' id='word_1_429' title='bbox 395 3715 534 3765; x_wconf 80' lang='lat' dir='ltr'>besondere</span> <span class='ocrx_word' id='word_1_430' title='bbox 547 3713 611 3762; x_wconf 90' lang='lat' dir='ltr'>Sub-</span> <span class='ocrx_word' id='word_1_431' title='bbox 665 3709 776 3762; x_wconf 88' lang='lat' dir='ltr'>Wacbs-</span> <span class='ocrx_word' id='word_1_432' title='bbox 793 3706 855 3755; x_wconf 82' lang='lat' dir='ltr'>odet·</span> <span class='ocrx_word' id='word_1_433' title='bbox 867 3701 1022 3753; x_wconf 79' lang='lat' dir='ltr'>Tbonbibler</span> <span class='ocrx_word' id='word_1_434' title='bbox 1037 3699 1115 3751; x_wconf 87' lang='lat' dir='ltr'>batte.</span> <span class='ocrx_word' id='word_1_435' title='bbox 1140 3697 1173 3752; x_wconf 79' lang='lat' dir='ltr'>ld</span> 
     </span>
     <span class='ocr_line' id='line_1_47' title="bbox 110 3769 1170 3853; baseline -0.02 -13"><span class='ocrx_word' id='word_1_436' title='bbox 110 3798 183 3841; x_wconf 78' lang='lat' dir='ltr'>staoz</span> <span class='ocrx_word' id='word_1_437' title='bbox 193 3787 373 3853; x_wconf 68' lang='lat' dir='ltr'>gegebenvon</span> <span class='ocrx_word' id='word_1_438' title='bbox 383 3775 613 3848; x_wconf 79' lang='lat' dir='ltr'>dee,aus&#39;welchen</span> <span class='ocrx_word' id='word_1_439' title='bbox 666 3778 728 3828; x_wconf 87' lang='lat' dir='ltr'>nacb</span> <span class='ocrx_word' id='word_1_440' title='bbox 747 3776 794 3824; x_wconf 82' lang='lat' dir='ltr'>boo</span> <span class='ocrx_word' id='word_1_441' title='bbox 811 3774 846 3822; x_wconf 89' lang='lat' dir='ltr'>ist</span> <span class='ocrx_word' id='word_1_442' title='bbox 861 3773 930 3822; x_wconf 86' lang='lat' dir='ltr'>nicht</span> <span class='ocrx_word' id='word_1_443' title='bbox 945 3770 1115 3834; x_wconf 75' lang='lat' dir='ltr'>ansttlssiger,</span> <span class='ocrx_word' id='word_1_444' title='bbox 1131 3769 1170 3819; x_wconf 78' lang='lat' dir='ltr'>als</span> 
     </span>
     <span class='ocr_line' id='line_1_48' title="bbox 111 3838 1170 3915; baseline -0.021 -7"><span class='ocrx_word' id='word_1_445' title='bbox 111 3859 148 3909; x_wconf 78' lang='lat' dir='ltr'>(lie</span> <span class='ocrx_word' id='word_1_446' title='bbox 160 3855 266 3908; x_wconf 80' lang='lat' dir='ltr'>Wolteu</span> <span class='ocrx_word' id='word_1_447' title='bbox 279 3854 426 3915; x_wconf 83' lang='lat' dir='ltr'>bestiiuden,</span> <span class='ocrx_word' id='word_1_448' title='bbox 437 3849 611 3901; x_wconf 79' lang='lat' dir='ltr'>veeschiedeu.</span> <span class='ocrx_word' id='word_1_449' title='bbox 668 3845 729 3896; x_wconf 86' lang='lat' dir='ltr'>nacb</span> <span class='ocrx_word' id='word_1_450' title='bbox 742 3844 797 3892; x_wconf 86' lang='lat' dir='ltr'>dem</span> <span class='ocrx_word' id='word_1_451' title='bbox 809 3841 881 3893; x_wconf 87' lang='lat' dir='ltr'>Nom.</span> <span class='ocrx_word' id='word_1_452' title='bbox 893 3855 978 3907; x_wconf 78' lang='lat' dir='ltr'>propr.</span> <span class='ocrx_word' id='word_1_453' title='bbox 991 3839 1019 3888; x_wconf 86' lang='lat' dir='ltr'>C.</span> <span class='ocrx_word' id='word_1_454' title='bbox 1031 3838 1107 3888; x_wconf 75' lang='lat' dir='ltr'>Vere.</span> <span class='ocrx_word' id='word_1_455' title='bbox 1120 3842 1170 3886; x_wconf 87' lang='lat' dir='ltr'>uet.</span> 
     </span>
    </p>
   </div>
   <div class='ocr_carea' id='block_1_5' title="bbox 110 3905 1171 3981">
    <p class='ocr_par' dir='ltr' id='par_1_5' title="bbox 110 3905 1171 3981">
     <span class='ocr_line' id='line_1_49' title="bbox 110 3905 1171 3981; baseline -0.024 -5"><span class='ocrx_word' id='word_1_456' title='bbox 110 3925 170 3976; x_wconf 85' lang='lat' dir='ltr'>llies</span> <span class='ocrx_word' id='word_1_457' title='bbox 188 3923 268 3974; x_wconf 84' lang='lat' dir='ltr'>beben</span> <span class='ocrx_word' id='word_1_458' title='bbox 285 3923 310 3972; x_wconf 91' lang='lat' dir='ltr'>in</span> <span class='ocrx_word' id='word_1_459' title='bbox 327 3919 452 3972; x_wconf 67' lang='lat' dir='ltr'>uertunt</span> <span class='ocrx_word' id='word_1_460' title='bbox 463 3918 551 3979; x_wconf 72' lang='lat' dir='ltr'>llinige</span> <span class='ocrx_word' id='word_1_461' title='bbox 567 3929 613 3976; x_wconf 76' lang='lat' dir='ltr'>ge·</span> <span class='ocrx_word' id='word_1_462' title='bbox 665 3911 685 3981; x_wconf 89' lang='lat'>1,</span> <span class='ocrx_word' id='word_1_463' title='bbox 702 3911 727 3978; x_wconf 82' lang='lat'>8,</span> <span class='ocrx_word' id='word_1_464' title='bbox 740 3909 784 3960; x_wconf 78' lang='lat'>21:</span> <span class='ocrx_word' id='word_1_465' title='bbox 802 3926 881 3978; x_wconf 76' lang='lat' dir='ltr'>quum</span> <span class='ocrx_word' id='word_1_466' title='bbox 897 3908 933 3960; x_wconf 89' lang='grc' dir='ltr'>Μ.</span> <span class='ocrx_word' id='word_1_467' title='bbox 946 3905 1047 3960; x_wconf 83' lang='lat' dir='ltr'>Metello</span> <span class='ocrx_word' id='word_1_468' title='bbox 1064 3905 1171 3969; x_wconf 68' lang='lat' dir='ltr'>obtt&#39;gs&#39;a·</span> 
     </span>
    </p>
   </div>
   <div class='ocr_carea' id='block_1_6' title="bbox 0 0 1330 4334">
    <p class='ocr_par' dir='ltr' id='par_1_6' title="bbox 0 0 1330 4334">
     <span class='ocr_line' id='line_1_50' title="bbox 0 0 1330 4334; baseline 0 0"><span class='ocrx_word' id='word_1_469' title='bbox 0 0 1330 4334; x_wconf 95' lang='lat' dir='ltr'> </span> 
     </span>
    </p>
   </div>
  </div>
 </body>
</html>
