2612 4328
184 250 246 314 210
542 241 586 292 on
604 242 741 296 nurum
759 241 899 314 pronun

229 435 270 444 -
285 398 427 460 nclltmcn
442 396 577 468 candor,
593 415 677 475 quem
690 401 829 459 invocant
842 395 941 457 omnis
955 394 1063 458 locem.

187 487 282 558 Quare
302 481 389 560 igitur
403 482 502 560 plures
518 479 703 558 adiungimus
718 478 814 542 deos?
843 481 957 552 Quanta
972 489 1070 542 autem
1086 489 1134 542 est
1150 501 1254 544 eorum

187 563 358 629 multitudo!
392 565 460 625 Mihi
487 564 605 644 quidem
631 582 701 625 sane
724 565 807 626 multi
833 564 975 626 ridentur.
1011 565 1153 644 Singulas
1176 569 1253 630 enirn

187 652 283 713 stellas
303 649 463 711 numeratis
484 649 570 721 deos
591 667 700 727 eosque
715 657 765 710 aut
779 649 939 709 belluarum
954 650 1075 710 nomine
1091 653 1252 731 appellatis,

186 743 219 798 ut
234 736 366 814 Capram,
383 743 414 794 ut
429 733 550 812 Nepam,
567 739 598 793 ut
613 733 752 807 Taurum,
769 740 800 795 ut
811 733 956 808 Leonem,
972 737 1141 796 antrorum
1157 736 1251 798 inani-

133 829 163 880 41
186 839 315 891 marum,
330 827 362 879 ut
377 820 465 897 Argo,
481 825 513 878 ut
527 817 623 890 Aram,
639 826 670 878 ut
685 817 841 879 Coronam.
872 817 929 877 Sed
946 825 978 878 ut
992 819 1066 878 haec
1082 822 1251 882 concedan-

185 915 246 978 tur,
262 905 371 982 reliqua
386 907 436 982 qui
452 902 568 962 tandem
585 921 646 962 uon
662 903 752 963 modo
769 901 902 973 concedi,
919 901 972 962 sed
988 903 1115 962 omniuo
1131 905 1249 984 intelligi

186 986 337 1069 possunt?
367 990 463 1061 Quum
484 989 583 1066 fruges
599 986 745 1060 Cererem,
765 986 862 1047 vinum
879 985 1016 1047 Liberum
1036 985 1179 1062 dicimus,
1199 1009 1247 1068 ge-

110 1089 117 1104 ’
143 1141 157 1154 ,
186 1093 255 1136 nere
281 1092 338 1135 nos
364 1073 483 1151 quidem
509 1071 655 1133 sermonis
682 1071 793 1132 utimur
817 1070 939 1132 usitato:
966 1071 1019 1132 sed
1045 1090 1172 1150 ecquem
1191 1083 1244 1134 tarn

186 1165 332 1219 amentem
347 1175 411 1218 esse
427 1163 526 1233 putas,
541 1155 590 1234 qui
605 1155 689 1229 illud,
706 1175 765 1234 quo
781 1163 927 1227 vescatur,
940 1155 1027 1216 deum
1045 1157 1145 1218 credat
1161 1156 1245 1220 esse?

185 1242 259 1302 Nam
279 1259 354 1318 quos
375 1240 411 1302 ab
432 1239 603 1302 hominihus
619 1239 786 1319 pervenisse
801 1239 872 1300 dicis
889 1240 923 1300 ad
940 1240 1026 1312 deoS‚
1047 1248 1079 1300 tu
1095 1243 1187 1303 redde
1201 1262 1244 1303 ra-

186 1325 311 1394 tionem,
331 1324 579 1402 quemadmodum
594 1324 623 1386 id
639 1325 700 1386 lieri
715 1325 844 1403 potuerit
858 1334 908 1385 aut
924 1343 975 1384 our
989 1323 1053 1384 fieri
1070 1326 1204 1400 desierit,
1219 1337 1245 1387 et

185 1427 239 1487 ogo
256 1408 365 1468 discam
380 1408 510 1468 libenter.
548 1408 706 1481 Quomodo
721 1425 801 1469 nunc
813 1409 929 1487 quidem
942 1416 994 1481 est,
1009 1426 1073 1468 nou
1085 1409 1173 1471 video
1189 1431 1243 1489 quo

185 1502 271 1572 pacto
293 1493 352 1565 ille,
373 1492 418 1552 oni
439 1497 470 1552 in
488 1503 584 1554 monte
601 1494 704 1554 Octoeo
725 1493 824 1554 illotae
844 1493 992 1574 lampades
1012 1496 1141 1572 fuerint,
1162 1497 1244 1556 nteit

185 1579 291 1649 Attius,
307 1582 339 1638 in
350 1579 466 1638 domnoc
478 1587 626 1638 ueternum
633 1582 730 1656 potrr's
742 1597 775 1638 ex
788 1578 835 1637 illo
848 1578 952 1638 ardore
963 1579 1143 1656 pervenerit:
1161 1599 1242 1658 quem

185 1670 281 1723 tamen
298 1663 444 1722 Homerus
459 1662 535 1738 apud
552 1661 662 1722 inferos
678 1662 825 1722 conveniri
842 1661 910 1722 lacit
924 1660 959 1722 ab
973 1661 1064 1734 Ulixe,
1080 1663 1158 1724 sicut
1171 1673 1243 1724 cete-

132 1755 164 1804 42
185 1741 245 1821 rds,
261 1745 586 1826 quiescesserantnita.
618 1746 810 1824 Quamquam,
827 1764 913 1824 quem
929 1746 1122 1824 potissimum
1135 1748 1243 1809 Hercu-

184 1832 240 1893 lem
257 1833 400 1904 colamus,
415 1832 489 1891 scire
505 1848 575 1890 sane
590 1830 688 1890 velim:
704 1831 801 1910 plures
817 1830 894 1890 enim
911 1831 1029 1890 tradunt
1043 1831 1133 1892 nobis
1150 1833 1180 1905 ii,
1197 1833 1242 1912 qui
1293 1889 1294 1900 ,

184 1916 337 1977 interiores
353 1922 520 1976 scrutantur
536 1922 564 1973 et
577 1916 742 1975 reconditas
764 1914 887 1974 litteras:
916 1914 1159 1994 antiquissimum
1181 1917 1243 1977 lore

184 2009 299 2072 natum,
317 2001 367 2060 sed
383 1999 453 2060 item
467 1999 534 2058 love
549 1999 762 2078 antiquissimo.
778 1999 851 2058 Nam
867 1997 949 2058 loves
967 2017 1086 2077 quoque
1102 2001 1202 2079 plnres
1216 2002 1243 2061 iu

183 2085 289 2162 priscis
305 2085 484 2142 Graecorum
504 2083 604 2145 litteris
625 2083 795 2144 invenimus.
836 2083 878 2142 Ex
901 2102 936 2144 eo
957 2083 1044 2161 igitur
1064 2091 1093 2144 et
1108 2085 1242 2164 Lysithoe

185 2173 229 2226 est
244 2166 268 2225 is
281 2167 434 2238 Hercules,
456 2185 541 2244 quem
559 2168 772 2228 concertavisse
788 2186 853 2226 cum
866 2167 997 2245 Apolline
1013 2169 1048 2228 de
1064 2169 1184 2248 tripode
1199 2189 1242 2230 ac·

185 2250 325 2328 cepimus.
356 2250 434 2309 Alter
448 2249 570 2309 traditur
584 2251 648 2311 Nilo
663 2261 749 2312 natus
765 2252 933 2330 Aegyptius,
950 2271 1036 2330 quern
1053 2253 1138 2314 aiunt
1154 2255 1242 2334 Phry-

740 2387 806 2448 Zeu,
820 2388 912 2436 welche
925 2388 965 2437 bei
979 2389 1025 2437 der
1036 2387 1125 2439 Messe
1139 2407 1188 2440 von
1200 2392 1241 2440 wi-

740 2455 955 2520 derspreclrendcu
973 2457 1023 2504 und
1044 2459 1242 2508 unvereiubaren

739 2521 842 2586 Fabeln,
854 2523 894 2571 die
906 2523 942 2572 sie
952 2523 1015 2572 iiber
1023 2523 1103 2585 jeden
1115 2525 1180 2576 Gott
1189 2541 1242 2576 vor-

738 2587 836 2651 sandeu,
848 2589 948 2640 aulden
959 2591 1098 2654 ullerdings
1108 2593 1164 2644 siclr
1174 2594 1241 2642 leicht

738 2655 916 2707 darbietendeu
923 2657 1058 2708 Gedaukcn
1069 2659 1170 2725 lamen,
1181 2661 1243 2710 melr-

218 2386 259 2436 tl.
276 2389 320 2452 put
332 2385 400 2450 illud,
416 2379 598 2451 coniectatur,
610 2365 686 2436 dnum

130 2497 132 2502 .
183 2455 271 2506 medat
291 2472 355 2506 esse.
401 2454 450 2504 llus
472 2468 522 2503 nar
541 2455 603 2504 aber
623 2455 685 2504 auclr

182 2523 250 2574 nicht
265 2524 306 2572 die
324 2522 441 2586 Meinung
458 2522 504 2572 der
516 2522 624 2572 Stoiker.
658 2522 684 2571 S.

182 2591 256 2654 null,
269 2591 310 2654 23,
324 2590 365 2640 60.

216 2657 284 2710 Nom
296 2676 358 2724 quos
368 2687 409 2708 —.
423 2660 474 2709 llas
486 2659 684 2722 entsprechende

181 2727 410 2776 Demonstrativum
445 2728 479 2777 ist
513 2726 685 2788 ausgelassen.

181 2794 239 2844 Man
261 2795 354 2844 ko'nute
375 2796 517 2857 erginzon:
544 2793 575 2843 de
595 2795 634 2843 liic
657 2797 685 2843 tn

181 2861 260 2912 redde
272 2864 399 2912 rationem
412 2889 454 2910 -.

215 2931 241 2975 in
257 2933 343 2977 nolonte
361 2929 452 2978 Oetaeo
470 2933 515 2978 etc.
540 2927 684 2978 llieWorte

181 2993 285 3042 beziehn
305 2995 356 3042 sich
374 2995 420 3043 aui
434 2997 480 3044 den
494 2995 627 3044 Herkules.
658 2992 683 3043 ln

181 3058 685 3124 welcherl'rago'diesievorkomen‚liisst

182 3125 233 3175 sich
242 3125 433 3186 nichtongeben.
447 3126 473 3175 ln
483 3128 683 3193 denausSopho-

181 3194 237 3245 kles
272 3193 434 3243 iibersetzten
462 3192 683 3244 Trachinierinnen

181 3261 342 3313 schwerlich:
364 3263 425 3312 elren
436 3261 564 3312 vielleicht
580 3262 611 3310 inr
624 3261 683 3310 Plri-

180 3331 269 3381 loktet.

213 3400 347 3450 Homeros.
366 3398 412 3448 0d.
423 3397 467 3460 Xl,
477 3395 535 3447 600.
548 3396 593 3446 llie
603 3396 682 3447 Stella

180 3467 270 3580 {ellim
282 3484 313 3517 zu
326 3469 373 3517 den
386 3467 560 3532 interpolirten
574 3466 619 3514 der
630 3463 682 3516 Ne-

197 3549 246 3596 pra.

215 3597 255 3646 42.
274 3604 294 3649 o·
304 3604 348 3665 qni
358 3605 431 3652 inter.
443 3606 522 3652 scrut.
536 3606 562 3650 ot
573 3616 622 3652 rec.
633 3599 681 3649 titt.

180 3662 251 3713 Onne
270 3665 374 3717 Zweilel
392 3669 531 3730 dieselben‚
549 3670 589 3718 die
605 3685 626 3718 c.
643 3667 681 3729 lt,

180 3729 214 3778 44
233 3733 370 3796 genealogi
386 3736 433 3783 und
453 3735 499 3796 21,
517 3734 548 3782 53
571 3735 683 3798 theologo¹

180 3802 290 3859 genennt
301 3799 411 3858 werdon,
425 3801 448 3848 d.
462 3802 485 3848 lr.
498 3801 610 3860 gelehrte
624 3801 680 3865 Hy·

180 3860 354 3912 thcuiorscher
377 3863 422 3910 der
442 3864 680 3915 Alexandrinisohen

739 2739 797 2773 rere
808 2723 899 2774 Giitter
911 2725 1019 2788 gleiches
1030 2723 1144 2777 Numens
1157 2745 1189 2778 zu
1200 2744 1241 2776 uu·

739 2791 910 2855 tersoheiden,
928 2809 968 2842 um
987 2793 1097 2842 dadurclr
1113 2795 1177 2858 jcne
1190 2794 1241 2845 Wi-

739 2859 891 2924 derspriiclre
904 2858 1068 2910 onlzuhelren.

771 2925 966 2992 Lysithoe'wird
976 2943 1022 2976 nur
1032 2930 1095 2978 noclr
1107 2928 1242 2979 vonloaou.

738 2993 802 3058 Lyd.
820 2996 850 3042 de
868 3010 945 3044 mens.
964 2995 1004 3060 lV,
1022 2995 1056 3045 46
1092 3033 1098 3046 .
1117 2995 1150 3046 82
1168 2998 1240 3046 Bona.

739 3062 863 3125 erwissmt,
885 3077 924 3110 wo
944 3063 980 3111 sie
997 3062 1053 3111 eine
1071 3013 1185 3113 Hoclrter
1200 3065 1241 3112 des

739 3127 855 3178 Okeanos
867 3129 954 3179 heisst.
977 3130 1198 3181 Wahrscheinlich
1210 3132 1242 3180 ist

738 3195 775 3244 sie
798 3197 864 3246 niclrt
884 3197 1047 3247 verschieden
1069 3214 1120 3248 von
1144 3200 1190 3248 der
1206 3197 1241 3246 lrei
1289 3241 1290 3260 ,

738 3262 879 3312 demselloen
902 3280 923 3313 c.
942 3264 973 3313 38
995 3281 1018 3329 p.
1033 3264 1064 3312 tt
1086 3266 1126 3314 als
1150 3265 1241 3316 Mutter

738 3330 782 3378 des
805 3330 929 3397 Dionysus
955 3339 1096 3394 genannten
1114 3331 1240 3398 Lysitlrea.

738 3396 864 3464 Dionysus
878 3400 926 3448 und
940 3399 1062 3448 Herakles
1075 3402 1182 3449 worden
1196 3416 1240 3450 von

738 3465 840 3530 spiiteru
855 3465 965 3517 Deutern
979 3465 1016 3516 oo
1028 3466 1185 3517 identificirt.

771 3536 953 3584 coreoertorn'rse
964 3550 1022 3584 cnm
1027 3536 1077 3600 Ap.
1088 3533 1121 3584 de
1134 3534 1240 3603 trapode.

736 3597 819 3649 Ueber
831 3601 871 3649 die
884 3601 973 3666 Fabel‚
991 3603 1039 3650 wie
1053 3601 1178 3650 Herakles
1197 3604 1241 3651 den

735 3663 886 3730 Pythisclron
912 3668 1026 3718 Dreiluss
1049 3669 1175 3732 gernum,
1210 3669 1241 3718 ist

735 3747 783 3780 vor
796 3733 869 3784 dilen
883 3735 975 3784 Miiller
988 3736 1170 3799 nachzuIeson,
1192 3736 1241 3785 Do-

736 3799 826 3846 rierB.
841 3797 868 3864 ll,
885 3801 960 3863 lt,8.

770 3863 827 3916 Nilo
838 3872 917 3918 natus
926 3873 1082 3938 Aegyptius.
1102 3868 1129 3920 lu
1143 3871 1189 3920 der
1195 3870 1243 3921 Ae-
