2622 4326
415 220 475 306 ara.
487 253 517 305 5.
546 253 778 308 emicante.

1070 263 1127 324 131

69 406 224 486 perlucens
244 417 273 468 et
292 397 435 488 aequabili
454 408 548 469 calore
570 409 700 469 suffusus
716 410 815 471 aether
829 427 891 472 non
906 412 975 473 satis
991 421 1077 492 aptus
1091 397 1132 474 ad

70 493 168 553 stellas
188 492 380 555 continendas
398 492 519 553 videtur.
549 493 662 554 Habent
681 493 769 571 igitur
788 511 872 556 snam
888 499 1043 576 sphaeram
1059 499 1128 559 stel-
1149 512 1181 562 55

69 577 112 639 lae
137 577 314 651 inerrantes,
341 577 377 638 ab
403 577 534 638 aetherea
560 577 765 639 coniunctione
791 588 931 642 secretam
951 589 979 642 et
997 582 1128 645 liberam.

68 663 178 722 Earum
195 662 302 723 ‘''autem
325 680 470 741 perennes
496 680 599 724 cursus
625 671 711 744 atque
730 664 862 742 perpetui
882 679 950 725 eum
969 665 1130 728 admirabili

67 747 287 826 incredibilique
313 748 477 810 constantia
503 747 648 808 declarant
672 746 704 807 in
724 747 770 808 bis
790 749 848 808 vim
868 758 897 809 et
915 756 1043 810 mentem
1054 745 1130 812 ‘esse

67 832 210 893 divinam:
230 833 275 906 nt,
296 834 368 894 baec
385 833 452 912 ipsa
472 832 521 912 qui
540 849 602 892 non
623 831 727 893 sentiat
747 833 871 894 deorum
891 833 949 894 vim
964 833 1083 907 habere,
1103 835 1136 898 15,

66 917 141 978 511511
162 917 282 977 omnino
302 935 443 980 sensurus
463 937 528 980 esse
546 917 686 978 videatur.
717 917 799 980 Nulla
819 917 906 996 igitur
925 917 956 977 15
977 919 1181 985 5551555555

66 1003 187 1064 fortuna
208 1021 263 1064 neo
282 1003 429 1065 temeritas
449 1021 503 1064 nec
522 1002 628 1064 erratio
649 1020 704 1062 nec
722 1001 834 1063 vanitas
855 1003 943 1076 inest,
971 1011 1130 1083 contraque

66 1086 166 1146 omnis
194 1087 280 1161 ordo,
310 1089 428 1162 veritas,
458 1088 547 1161 ratio,
575 1087 747 1148 constantia.
783 1089 920 1166 Quaeque
946 1087 992 1148 his
1018 1097 1128 1161 vacant,

66 1171 205 1232 ementita
220 1180 248 1232 et
263 1174 331 1235 salsa
347 1173 491 1254 plenaque
505 1172 628 1246 erroris,
650 1192 682 1234 ea
698 1172 808 1233 circum
824 1180 916 1233 terras
932 1171 1008 1232 inira
1022 1173 1129 1245 lunam,

65 1275 140 1335 quae
157 1257 299 1318 'omnium
324 1258 426 1318 ultima
452 1264 510 1328 est,
537 1258 568 1318 in
594 1257 737 1336 terrisque
762 1265 924 1318 versantur.
958 1257 1129 1318 Caelestium

65 1359 136 1418 ergo
157 1342 356 1402 admirabilem
372 1341 507 1402 ordinem
522 1341 776 1420 incredibilemque
793 1342 1001 1414 constantiam,
1021 1359 1129 1421 exque

66 1425 251 1486 conservatio
272 1434 300 1485 et
320 1426 397 1485 salus
419 1425 551 1484 onmium
572 1424 669 1484 omnis
690 1426 794 1497 oritur,
818 1445 892 1504 qnae
911 1423 1011 1486 vacare
1031 1435 1129 1486 mente
1184 1489 1187 1492 ,

64 1515 159 1586 putat,
176 1509 201 1567 is
217 1509 280 1588 ipse
295 1509 401 1568 mentis
418 1527 521 1586 expers
537 1507 689 1568 habendus
702 1517 753 1568 est.
777 1510 860 1569 Haud
873 1529 953 1586 ergo,
970 1517 1001 1569 ut
1013 1510 1128 1586 opinor,
1148 1523 1180 1572 57

65 1611 211 1663 erravero,
229 1593 255 1652 si
270 1613 286 1652 a
301 1592 437 1672 principe
448 1591 663 1668 investigandae
676 1591 804 1652 veritatis
819 1593 906 1653 huius
923 1593 1128 1670 disputationis

65 1675 245 1756 principium
263 1677 382 1737 duxero.

153 1763 231 1822 Zeno
252 1761 341 1839 igitur
361 1769 496 1822 naturam
516 1759 556 1820 ita
576 1758 687 1832 definit,
713 1770 745 1818 ut
765 1778 828 1819 eam
852 1758 927 1820 dieat
946 1759 1043 1837 ignem
1065 1779 1129 1821 esse
1146 1767 1187 1827 22

67 1845 273 1918 artificiosum,
289 1846 324 1906 ad
341 1845 518 1924 gignendum
533 1843 769 1923 progredientem
785 1844 836 1902 via.
868 1844 973 1904 Censet
988 1844 1066 1905 enim
1082 1864 1129 1905 ar-

66 1931 104 1990 tis
125 1930 250 1991 maxime
269 1931 424 2009 proprium
444 1947 509 1990 esse
526 1947 625 1990 creare
639 1936 667 1988 et
681 1929 811 2006 gignere,
834 1928 971 2006 quodque
986 1929 1015 1988 in
1032 1929 1129 2008 operi-

65 2015 122 2075 bus
138 2025 305 2076 nostrarum
321 2015 427 2077 artium
442 2032 547 2075 manus
561 2012 674 2085 efficiat,
690 2013 718 2072 id
734 2014 826 2072 mtdto
846 2012 1031 2074 artificiosius
1043 2021 1129 2074 natn-
1205 2045 1212 2058 ·

66 2118 130 2160 ram
157 2100 285 2172 efficere,
310 2100 424 2172 idest,
450 2110 483 2159 ut
507 2099 579 2170 dixi,
606 2098 702 2176 ignem
723 2097 928 2170 artificiosum,
955 2097 1129 2177 magistrum
1232 2111 1236 2121 ’

66 2183 175 2244 artium
200 2184 385 2262 reliquarum.
419 2183 514 2263 Atque
540 2184 594 2244 hac
619 2182 736 2260 quidem
761 2182 874 2242 ratione
900 2183 997 2244 555515
1023 2192 1128 2244 natura

66 2267 223 2329 artificiosa
238 2275 296 2341 est,
312 2271 392 2348 quod
406 2268 494 2329 habet
508 2268 591 2348 quasi
605 2267 680 2328 viam
696 2267 841 2346 quandam
857 2274 885 2328 et
901 2275 1024 2343 sectam,
1039 2287 1128 2348 qnam

65 2361 213 2432 sequatur.
242 2352 339 2431 Ipsius
358 2371 427 2414 vero
448 2353 564 2426 mundi,
586 2353 636 2432 qui
656 2352 755 2412 omnio
772 2351 925 2430 complexu
944 2371 998 2412 suo
1015 2360 1128 2414 coercet
1147 2365 1180 2416 58

99 2535 141 2585 56,
160 2531 330 2599 5555555555
344 2534 569 2599 „keineUnzu-

64 2603 332 2666 verliissigkeit.“
374 2601 416 2650 Sie
450 2603 570 2652 tiiuseben

65 2671 171 2721 niemals
181 2671 222 2720 die
229 2669 399 2731 berecbnnng‚
409 2669 459 2718 wie
469 2685 496 2718 es
508 2670 571 2718 oben

65 2755 86 2788 c.
99 2739 124 2802 5,
141 2739 172 2787 15
190 2737 271 2786 blesa:
292 2739 319 2786 in
336 2739 425 2801 qaibae
442 2752 572 2802 vtaaqaam

64 2809 193 2857 immonsa
209 2808 236 2855 et
250 2805 353 2871 infinita
367 2808 484 2855 catastas
500 2820 571 2854 5555-

65 2877 113 2924 aaz
124 2877 168 2924 aaa.

99 2939 569 3005 5555555555,1551550551555313

63 3011 114 3059 wie
127 3024 149 3064 5,
162 3007 195 3057 22
208 3015 286 3058 extr:
301 3009 384 3058 ononis
395 3011 510 3059 amatae.

98 3077 140 3126 57.
168 3075 243 3126 linai
263 3091 326 3141 erga
346 3080 391 3126 etc.
424 3074 464 3125 leb
485 3075 571 3124 werde

64 3146 134 3194 nicbt
146 3143 238 3206 feblen‚
251 3159 324 3193 wenn
337 3144 390 3207 ich,
403 3145 518 3206 gestiitzt
529 3143 575 3192 551

65 3212 152 3262 solcbe
164 3210 409 3274 Wabrnebmungen,
420 3210 571 3274 5515151555-

63 3283 120 3330 dem
131 3280 193 3329 8515
204 3279 248 3328 des
259 3279 329 3329 Zeno
339 3279 571 3328 diebuseinander-

64 3355 174 3410 setzung
185 3346 248 3396 iiber
259 3348 299 3396 die
313 3346 512 3396 beschellcnbeit
525 3347 570 3396 der

64 3415 181 3466 Gottbeit
202 3415 264 3463 oder
285 3415 330 3466 der
345 3413 441 3475 Natnr,
462 3429 515 3464 was
536 3414 570 3463 im

64 3485 124 3534 Sinn
138 3484 186 3533 der
194 3482 297 3531 Stoikcr
309 3482 370 3532 Eius
382 3482 424 3544 ist,
437 3482 551 3544 beginne.

96 3543 152 3602 22·
171 3554 258 3615 1355555
271 3567 327 3599 5555
338 3550 510 3616 artificiosam
522 3554 568 3599 etc.

63 3620 135 3684 lliog.
153 3617 183 3668 L.
202 3616 258 3682 Vll,
284 3617 343 3667 156:
369 3615 447 3668 deaei
467 3614 498 3666 dt
520 3611 569 3666 αὔ-

63 3691 123 3744 τοῑς
145 3687 219 3750 (τοῖς
239 3687 387 3764 Στωϊκοῖς)
411 3680 461 3749 τὴν
482 3678 570 3752 φύσιν

64 3755 136 3807 εἶναι
155 3754 214 3820 πῦρ
231 3748 357 3821 τεχνικὸν
375 3751 433 3818 0qu
454 3749 570 3817 βαδίζον

63 3823 237 3891 5155515555).
262 3821 345 3872 1155515
359 3815 417 3885 iau
429 3817 491 3882 stad.
506 3819 570 3867 wird

63 3894 102 3942 515
128 3890 324 3958 plenmiissiges‚
349 3888 403 3939 eine
427 3888 569 3938 bestimmte

625 2534 749 2598 llicbtung
765 2535 816 2585 lest
830 2534 1007 2598 veriolgendes
1021 2534 1128 2585 11551515-

624 2617 669 2651 ren
683 2602 837 2652 bezeichnet.
932 2639 936 2643 -

657 2672 814 2734 magistram
842 2670 940 2719 artium
962 2669 1128 2734 reliquarum.
1232 2709 1233 2714 ,

625 2735 679 2785 1155
693 2751 724 2784 55
738 2733 839 2785 Grande
852 2735 984 2798 liegenden
994 2734 1129 2786 (1551551555

625 2803 717 2853 driiclrt
733 2801 831 2867 Apulei.
850 2803 881 2851 de
897 2805 1002 2868 mundo,
1023 2803 1092 2854 Tom.
1106 2803 1128 2854 ll

624 2887 649 2935 p.
665 2869 714 2920 134
733 2870 831 2920 Altenb.
850 2885 878 2919 so
895 2886 953 2920 aas:
974 2869 1042 2922 Nam
1059 2873 1126 2938 qma,

626 2953 671 2988 oro
690 2943 726 3004 te,
748 2943 869 2989 amatam
889 2944 965 3006 atquo
982 2940 1128 2992 arderatum

625 3005 707 3056 cidari
722 3010 819 3071 potest,
841 3007 909 3073 qaod
927 3024 978 3059 aon
993 3011 1025 3059 ab
1045 3012 1128 3075 ipsias

628 3073 740 3136 (artandi)
759 3075 875 3143 caearplo
891 3079 1026 3128 imitatura
1037 3080 1073 3128 sii
1085 3094 1129 3129 ra·

626 3145 677 3192 tia?
699 3141 756 3191 Allo
777 3142 963 3194 ldinstlcriscbe
981 3145 1128 3207 Tbiitlglreit

624 3210 658 3260 ist
674 3211 714 3259 515
736 3210 925 3274 verniinltiges‚
946 3211 1126 3276 planmiissiges

624 3277 751 3344 Scballen,
776 3281 837 3328 nacb
863 3281 919 3328 dem
941 3278 1060 3328 Vorbllde
1082 3277 1128 3325 der

623 3345 769 3408 verniinftig
779 3346 829 3395 und
842 3345 992 3410 planmiissig
1004 3341 1126 3391 551551155-
1147 3393 1149 3400 ,

623 3414 670 3463 (155
682 3413 772 3464 Natur.
798 3412 885 3462 Omnia
902 3425 947 3458 555
963 3413 1004 3458 est
1014 3408 1126 3457 imitatio

623 3485 742 3532 naturae.
762 3479 850 3528 Senec.
864 3491 902 3540 ep.
917 3475 957 3523 65.

658 3551 739 3599 onmis
753 3549 859 3594 natare:
875 3543 935 3604 jede
948 3541 973 3590 15
990 3541 1078 3605 irgend
1090 3543 1126 3593 51-

624 3630 679 3665 nem
688 3613 775 3662 Tbeile
788 3607 917 3659 derWolt
930 3610 992 3660 oder
1000 3610 1024 3658 in
1036 3609 1125 3674 irgend

624 3683 703 3731 einem
724 3678 899 3728 Einaelwosen
924 3677 1052 3728 wir-lende
1073 3677 1126 3730 Na-

623 3745 745 3808 turkralt,
767 3745 799 3793 im
821 3743 963 3807 Gogensatz
984 3761 1064 3810 gegen
1086 3748 1126 3802 die

623 3819 718 3867 natura
729 3815 810 3882 155155
822 3813 924 3878 mandi,
940 3815 981 3864 die
996 3815 1029 3864 im
1043 3813 1126 3865 wea-

624 3883 659 3934 oll
671 3881 801 3931 wirkende
815 3879 1025 3932 Gesommtnatnr.

889 3961 928 4014 9*
