2622 4326
184 217 244 278 120

128 377 162 428 33
183 385 271 447 33333
291 365 436 426 mundmn
456 381 575 426 ornnem
596 370 752 440 oporteret.
782 365 877 444 Atque
895 364 980 424 etiam
1000 363 1025 423 si
1046 365 1187 443 oprimis
1204 366 1254 427 in-

182 449 352 526 choatisque
376 448 488 510 naturis
510 448 546 510 ad
565 448 681 508 ultimas
703 450 901 528 perfectasque
920 449 1055 510 volumus
1076 451 1255 527 procedere,
1306 428 1307 522 1

181 525 362 596 addeorum
382 543 516 596 naturam
531 533 734 610 perveniamus
750 551 869 594 neeesse
883 543 937 594 est.
967 531 1068 593 Priino
1085 534 1170 595 enirn
1185 538 1254 597 ani-

181 617 390 680 madvertimus
410 638 426 679 a
446 625 549 680 natura
569 615 707 677 sustiueri
727 637 850 699 eaquae
869 619 1025 696 gignantur
1038 639 1054 678 e
1069 626 1165 693 terra,
1183 621 1254 700 qui-

181 703 237 766 bus
248 712 353 766 natura
364 703 436 764 nihil
447 701 546 763 tribuit
558 701 693 780 amplius,
709 721 796 781 quam
808 713 840 764 ut
850 723 884 764 ea
895 703 1000 764 alendo
1012 711 1100 782 atque
1111 707 1253 783 augendo

127 800 162 851 34
182 797 322 852 tueretur.
350 787 454 850 Bestiis
470 794 567 848 autem
582 795 610 848 et
624 805 747 849 sensum
762 778 917 849 et‘motum
934 787 1026 860 dedit,
1042 797 1071 848 et
1087 807 1159 850 cum
1175 808 1253 869 quo-

183 874 251 934 dam
270 873 400 954 appetitu
419 891 568 934 accessum
590 873 626 932 ad
645 890 693 932 333
709 872 862 943 salutares
884 872 1062 950 apestiieris
1079 892 1251 937 recessum:

184 959 243 1020 1333
268 958 381 1020 homini
404 956 542 1036 amplius,
571 957 649 1035 quod
676 957 786 1018 addidit
809 958 967 1030 rationem,
993 976 1049 1036 que
1075 967 1254 1036 regerentur

183 1044 274 1106 animi
305 1041 465 1121 appetitus,
497 1041 546 1122 qui
575 1050 639 1102 tum
664 1042 895 1116 remitterentur,
924 1050 987 1103 tum
1014 1043 1250 1106 continerentur.

125 1133 165 1196 18
184 1131 312 1202 Quartus
332 1133 428 1188 autem
450 1127 557 1204 gradus
577 1134 606 1188 et
620 1126 779 1188 altissimus
795 1135 841 1188 est
855 1145 971 1200 eorum,
990 1127 1041 1205 qui
1055 1135 1165 1190 natura
1179 1131 1250 1191 honi

183 1213 385 1290 sapientesque
400 1212 572 1291 gignuntur3
588 1211 694 1290 quihus
710 1231 725 1273 a
740 1212 884 1292 principio
899 1211 1062 1274 innascitur
1077 1214 1156 1274 ratio
1171 1225 1251 1276 recta

181 1303 388 1376 constansque,
404 1316 478 1376 quae
492 1315 582 1375 supra
595 1297 747 1358 hominem
762 1298 889 1376 putanda
902 1305 946 1358 est
956 1297 1070 1375 deoque
1081 1297 1250 1372 tribuenda,
1308 1291 1309 1371 1

183 1382 212 1442 id
232 1389 278 1442 est
293 1384 419 1456 mundo;
438 1383 469 1442 in
485 1400 544 1461 quo
559 1400 679 1442 necesse
694 1389 740 1443 est
754 1385 911 1461 perfectam
927 1382 1005 1442 iilam
1019 1390 1107 1460 atque
1123 1384 1249 1445 3133313-

129 1472 162 1523 33
183 1474 242 1528 tam
262 1467 360 1528 inesse
377 1468 531 1528 rationem.
562 1466 662 1545 Neque
680 1467 758 1528 enim
779 1467 835 1528 dici
851 1474 948 1546 potest
963 1467 994 1526 in
1008 1466 1066 1527 ulla
1081 1485 1188 1530 rerum
1203 1469 1250 1529 in-

181 1552 334 1615 stitutione
347 1571 409 1613 non
421 1571 490 1612 ¹esse
505 1551 613 1630 aliquid
630 1558 793 1612 extremum
809 1559 893 1631 atque
908 1553 1080 1630 perfectum.
1113 1553 1153 1613 Ut
1168 1555 1248 1632 enim

182 1638 339 1711 invitent
355 1638 384 1698 in
400 1638 518 1716 pecude,
533 1635 591 1696 nisi
607 1636 737 1715 quaevis
754 1636 874 1710 obstitit,
889 1637 1021 1698 videmus
1037 1644 1176 1698 naturam
1193 1658 1247 1701 suo

183 1724 310 1802 quodam
327 1722 429 1784 itinere
444 1723 479 1784 ad
495 1721 629 1782 ultimum
645 1721 805 1801 pervenire,
821 1730 907 1800 atque
920 1729 953 1782 33
969 1721 1083 1799 pictura
1099 1729 1129 1782 et
1140 1723 1250 1785 febrim

183 1817 350 1888 ceteraeque
365 1816 441 1868 artes
457 1807 564 1867 habent
579 1806 726 1885 quendam
740 1806 864 1867 absoluti
881 1805 978 1884 operis
991 1807 1144 1867 effectum:
1161 1809 1249 1869 sicin

185 1894 264 1954 omni
284 1901 385 1954 natura
400 1911 434 1952 ac
448 1893 540 1953 multo
556 1892 643 1954 etiam
658 1891 751 1969 magis
766 1909 886 1952 necesse
901 1890 1071 1952 3333333131
1087 1891 1201 1972 aliquid
1217 1913 1251 1954 33

184 1977 292 2057 pertici.
322 1976 437 2036 Etenim
458 1977 560 2037 ceteris
576 1976 688 2036 naturis
705 1963 942 2048 3331333313333,
963 1993 1021 2054 quo
1037 1974 1139 2036 minus
1155 1980 1249 2056 perii·

184 2063 304 2132 riantur,
326 2068 452 2139 possunt
473 2060 628 2122 obsistere:
649 2061 815 2122 universam
835 2068 932 2122 autem
951 2067 1085 2122 naturam
1101 2061 1249 2123 33113333
1267 2113 1270 2118 .

537 211 581 260 ns
599 209 733 295 333333
752 211 890 287 osorton

216 2226 256 2277 33.
276 2230 612 2297 inchoetis=impersectis
626 2229 684 2292 Vgl.
739 2229 848 2280 merdas
861 2229 955 2280 11331333
968 2230 1099 2290 3331133313,
1113 2237 1181 2281 33333
1196 2231 1249 2281 31313

182 2297 213 2346 de
225 2296 302 2360 Legg.
316 2297 334 2361 1,
343 2297 365 2362 9,
377 2297 420 2346 27:
432 2301 518 2365 primo
531 2302 558 2347 et
567 2299 685 2347 1331333333
740 2297 819 2347 331333
831 2305 888 2347 3333
900 2297 1040 2357 bieibende,
1053 2297 1093 2346 nie
1107 2291 1249 2349 inWider-

181 2363 357 2430 intelligentie.
382 2365 454 2414 Offic.
472 2364 490 2428 1,
503 2363 544 2429 43,
560 2364 623 2414 153:
641 2381 685 2416 33-

179 2435 263 2498 gnitt'o
275 2449 367 2484 moneo
378 2437 454 2500 atque
465 2434 591 2484 1333133313.

214 2500 303 2552 Primo
320 2504 395 2552 enim.
421 2501 490 2552 Statt
507 2502 551 2550 des
569 2508 685 2566 entspre-

181 2568 292 2619 chenden
310 2570 421 2622 seeundo
438 2571 499 2619 oder
515 2569 605 2620 deinde
621 2569 685 2632 iolgt

180 2632 206 2699 3.
220 2635 253 2687 34
265 2643 358 2706 331333,
374 2639 423 2688 wie
436 2655 463 2689 es
477 2639 535 2688 sehr
547 2637 630 2700 hiufig
642 2638 684 2686 ist.

180 2705 277 2756 -Die
295 2707 452 2770 Staienioige
470 2707 516 2757 der
529 2706 623 2758 Weseu
641 2705 685 2754 133-

180 2771 239 2820 33113
252 2773 370 2838 iibrigens
384 2777 446 2826 nach
456 2776 503 2824 den
514 2775 631 2825 Stoikern
641 2772 687 2822 331

179 2839 228 2887 den
246 2842 443 2892 verschiedenen
456 2842 556 2893 Graden
576 2841 684 2892 133113·-

180 2906 293 2969 seelnng.
329 2909 382 2958 Den
412 2908 568 2959 Gewiichsen
598 2909 684 2960 wohnt

179 2974 235 3024 13133
255 2974 310 3024 3133
330 2992 371 3040 ipo
390 2969 405 3039 ὴ
425 2971 525 3043 morteri
543 2977 684 3044 33133333-

181 3035 274 3105 πτική,
288 3043 335 3092 den
349 2993 615 3092 ’131333333333331333
628 3045 683 3092 3133

184 3117 214 3175 ψ.
233 3103 394 3175 uidemini,
412 3109 682 3160 (133Μ333313333133

180 3171 276 3244 λογική
294 3178 341 3228 bei.
366 3175 423 3241 Vgi.
436 3175 548 3226 Mocrdb.
561 3178 586 3225 iu
599 3177 682 3228 Somn.

181 3245 222 3296 Sci
241 3247 278 3308 ,1,
294 3246 401 3307 14,73.
416 3245 455 3309 19,
468 3244 510 3296 23.

216 3261 267 3367 13.
287 3313 500 3376 (1333333333333
514 3311 622 3378 modus.
647 3314 682 3372 Es

181 3384 217 3435 ist
228 3381 350 3443 31331333,
367 3383 439 3448 dass,
452 3381 570 3433 w'aiirreud
583 3381 623 3430 die
635 3397 683 3432 vo-

180 3453 252 3515 31333
270 3451 324 3500 drci
339 3448 422 3501 Grude
439 3450 682 3514 eriahrungsmiissig

180 3520 248 3584 sind,
266 3519 350 3568 dieser
362 3519 443 3570 vierte
461 3520 516 3570 blos
529 3519 575 3569 der
586 3517 682 3568 Conse·

179 3601 260 3652 quenz
288 3601 377 3650 wesen
406 3603 583 3652 ongenommen
609 3587 681 3650 wird,

181 3656 241 3706 weil
258 3662 330 3706 33333
342 3655 382 3704 die
394 3655 551 3720 Stnienioige
565 3657 631 3706 nicht
645 3654 683 3705 bis

182 3723 475 3774 zuruVollkommensten
487 3723 574 3773 1313331
583 3724 683 3782 33131333

180 3793 276 3856 wiirde,
290 3807 343 3844 wos
356 3790 380 3856 ᾗ.
394 3788 425 3838 35
439 3791 514 3852 zeigt.

216 3863 282 3914 ratio
295 3864 364 3912 rectu
381 3861 558 3920 constansque:
581 3857 621 3905 die
638 3856 684 3904 133-

739 2366 829 2430 spruch
849 2367 895 2415 mit
915 2365 967 2414 sich
989 2364 1070 2414 3311333
1089 2367 1248 2428 geruthende

739 2432 876 2484 Vernunit:
890 2427 974 2499 λόγος
985 2427 1073 2500 ὀρθὸς
1081 2433 1127 2481 καὶ
1139 2429 1247 2515 ὁμολο-

738 2494 876 2568 γούμενος
892 2502 937 2549 καὶ
952 2501 1062 2565 βέβαιος
1078 2501 1125 2549 καὶ
1142 2498 1248 2570 eparci-

740 2584 847 2624 πτωτος
869 2568 945 2631 (Ρ133.
967 2569 997 2617 de
1018 2567 1077 2617 virt.
1095 2583 1159 2622 mor.
1179 2586 1202 2619 3.
1222 2569 1245 2632 3)

738 2637 784 2686 der
795 2637 894 2699 semiss
906 2636 1007 2698 gesinnt
1022 2651 1060 2688 33.
1071 2636 1127 2686 3313
1144 2638 1198 2686 und
1216 2654 1247 2687 zu

739 2705 845 2754 tandein
858 2703 987 2754 Weisheit
998 2703 1048 2753 und
1060 2703 1166 2778 quend
1179 2705 1223 2754 ist.

772 2788 854 2842 supro
870 2773 996 2822 1333313333
1010 2771 1129 2837 peteuda
1151 2774 1186 2822 ist
1204 2774 1245 2824 die

739 2847 809 2890 33333
830 2840 894 2890 33313
909 2833 963 2889 'nur
984 2838 1108 2902 13331333,
1131 2841 1172 2890 313
1193 2857 1244 2892 von

739 2909 809 2958 einer
828 2907 1016 2970 ongeborenen‚
1039 2907 1108 2956 313133
1129 2907 1245 2971 3113311113

739 2982 791 3026 3333
801 2975 978 3026 entwiokelten
988 2975 1037 3024 und
1046 2976 1244 3026 vervoilkomm·

739 3050 812 3093 oeten
825 3043 952 3094 Verennit
964 3043 1003 3093 die
1015 3041 1083 3092 Rode
1101 3043 1142 3094 ist.
1170 3044 1243 3094 Denu

738 3125 766 3160 so
780 3111 862 3160 selten
879 3114 941 3161 auch
952 3112 998 3161 der
1009 3110 1114 3160 Menseir
1126 3112 1243 3162 wirklieh

736 3180 800 3229 duzu
812 3179 933 3242 goiangen
946 3194 1013 3242 mag,
1032 3179 1243 3241 3333313133-

737 3248 850 3311 nigsteos
860 3248 894 3297 ist
904 3263 931 3296 es
941 3247 989 3297 ihm
998 3247 1076 3296 nicht:
1087 3246 1164 3298 13333
1175 3251 1244 3298 etaim

736 3316 914 3446 333133ξὲἴὶ
928 3319 1025 3382 potest,
1043 3314 1125 3364 heisst
1137 3331 1166 3366 es
1179 3318 1243 3366 33313

736 3400 769 3432 33
783 3399 814 3431 33
846 3419 852 3430 .
900 3418 906 3431 .

771 3449 811 3499 35.
829 3452 855 3498 in
864 3449 916 3499 3113
925 3452 1191 3517 momenmentum,
1202 3451 1243 3501 1331

737 3516 823 3580 irgend
848 3516 919 3566 einer
938 3518 1036 3581 Aniage
1061 3535 1110 3568 von
1135 3519 1241 3582 Dingen,

737 3585 761 3634 d.
771 3585 794 3633 13.
806 3583 846 3632 1331
858 3585 944 3647 irgend
955 3587 1068 3636 welchen
1078 3586 1186 3650 Dingen,
1199 3588 1240 3636 die

737 3667 786 3702 von
804 3652 850 3701 der
860 3651 941 3702 Natur
958 3655 1019 3703 oder
1035 3669 1085 3704 ven
1103 3655 1240 3706 Mens'chen

737 3719 856 3781 angelegt
867 3721 917 3769 und
928 3728 1117 3772 unternornmen
1128 3723 1241 3773 werden.

771 3789 798 3835 tu
811 3788 881 3836 murti
890 3791 986 3838 notura
1002 3790 1026 3838 d.
1038 3791 1062 3839 13,
1079 3792 1107 3839 in
1119 3793 1242 3841 universo

738 3869 763 3902 3.
780 3853 946 3904 adorearum
963 3859 1076 3908 33331333
1087 3875 1125 3923 3.,
1142 3859 1198 3910 3133
1216 3863 1242 3910 ie
