<?xml version="1.0" encoding="UTF-8"?>
<!DOCTYPE html PUBLIC "-//W3C//DTD XHTML 1.0 Transitional//EN"
    "http://www.w3.org/TR/xhtml1/DTD/xhtml1-transitional.dtd">
<html xmlns="http://www.w3.org/1999/xhtml" xml:lang="en" lang="en">
 <head>
  <title>
</title>
<meta http-equiv="Content-Type" content="text/html;charset=utf-8" />
  <meta name='ocr-system' content='tesseract 3.04.00' />
  <meta name='ocr-capabilities' content='ocr_page ocr_carea ocr_par ocr_line ocrx_word'/>
</head>
<body>
  <div class='ocr_page' id='page_1' title='image "./mtulliciceronis00schogoog_0154.png"; bbox 0 0 2622 4326; ppageno 0'>
   <div class='ocr_carea' id='block_1_1' title="bbox 189 227 888 298">
    <p class='ocr_par' dir='ltr' id='par_1_1' title="bbox 189 227 888 298">
     <span class='ocr_line' id='line_1_1' title="bbox 189 227 888 298; baseline -0.027 0"><span class='ocrx_word' id='word_1_1' title='bbox 189 237 250 298; x_wconf 82' lang='lat'><strong>144</strong></span> <span class='ocrx_word' id='word_1_2' title='bbox 347 241 352 248; x_wconf 37' lang='lat'><strong>¹·</strong></span> <span class='ocrx_word' id='word_1_3' title='bbox 536 231 579 282; x_wconf 86' lang='lat' dir='ltr'><strong>on</strong></span> <span class='ocrx_word' id='word_1_4' title='bbox 596 229 733 282; x_wconf 80' lang='lat' dir='ltr'><strong>narum</strong></span> <span class='ocrx_word' id='word_1_5' title='bbox 749 227 888 281; x_wconf 81' lang='lat' dir='ltr'><strong>oroanoi</strong></span> 
     </span>
    </p>
   </div>
   <div class='ocr_carea' id='block_1_2' title="bbox 131 381 1297 1897">
    <p class='ocr_par' dir='ltr' id='par_1_2' title="bbox 131 381 1297 1897">
     <span class='ocr_line' id='line_1_2' title="bbox 186 381 1246 464; baseline -0.004 -16"><span class='ocrx_word' id='word_1_6' title='bbox 186 387 226 450; x_wconf 85' lang='lat' dir='ltr'><strong>ita</strong></span> <span class='ocrx_word' id='word_1_7' title='bbox 246 387 364 464; x_wconf 85' lang='lat' dir='ltr'><strong>effingat</strong></span> <span class='ocrx_word' id='word_1_8' title='bbox 383 394 412 446; x_wconf 88' lang='lat' dir='ltr'><strong>et</strong></span> <span class='ocrx_word' id='word_1_9' title='bbox 430 381 535 446; x_wconf 86' lang='lat' dir='ltr'><strong>elboiat</strong></span> <span class='ocrx_word' id='word_1_10' title='bbox 548 383 579 444; x_wconf 93' lang='lat' dir='ltr'><strong>iu</strong></span> <span class='ocrx_word' id='word_1_11' title='bbox 593 401 648 444; x_wconf 91' lang='lat' dir='ltr'><strong>suo</strong></span> <span class='ocrx_word' id='word_1_12' title='bbox 664 382 790 463; x_wconf 85' lang='lat' dir='ltr'><strong>qiridque</strong></span> <span class='ocrx_word' id='word_1_13' title='bbox 803 399 925 461; x_wconf 81' lang='lat' dir='ltr'><strong>genere,</strong></span> <span class='ocrx_word' id='word_1_14' title='bbox 944 383 1050 460; x_wconf 89' lang='lat' dir='ltr'><strong>partim</strong></span> <span class='ocrx_word' id='word_1_15' title='bbox 1066 389 1099 442; x_wconf 89' lang='lat' dir='ltr'><strong>nt</strong></span> <span class='ocrx_word' id='word_1_16' title='bbox 1112 389 1246 444; x_wconf 85' lang='lat' dir='ltr'><strong>tantum-</strong></span> 
     </span>
     <span class='ocr_line' id='line_1_3' title="bbox 186 466 1247 549; baseline -0.005 -16"><span class='ocrx_word' id='word_1_17' title='bbox 186 472 277 534; x_wconf 84' lang='lat' dir='ltr'><strong>modo</strong></span> <span class='ocrx_word' id='word_1_18' title='bbox 293 487 347 549; x_wconf 90' lang='lat' dir='ltr'><strong>per</strong></span> <span class='ocrx_word' id='word_1_19' title='bbox 361 470 468 549; x_wconf 76' lang='lat' dir='ltr'><strong>stirpes</strong></span> <span class='ocrx_word' id='word_1_20' title='bbox 483 467 596 530; x_wconf 78' lang='lat' dir='ltr'><strong>alantur</strong></span> <span class='ocrx_word' id='word_1_21' title='bbox 610 487 686 541; x_wconf 89' lang='lat' dir='ltr'><strong>suas,</strong></span> <span class='ocrx_word' id='word_1_22' title='bbox 701 467 808 546; x_wconf 92' lang='lat' dir='ltr'><strong>partim</strong></span> <span class='ocrx_word' id='word_1_23' title='bbox 821 475 856 528; x_wconf 88' lang='lat' dir='ltr'><strong>ut</strong></span> <span class='ocrx_word' id='word_1_24' title='bbox 869 466 978 528; x_wconf 75' lang='lat' dir='ltr'><strong>moveri</strong></span> <span class='ocrx_word' id='word_1_25' title='bbox 995 466 1081 529; x_wconf 88' lang='lat' dir='ltr'><strong>etiam</strong></span> <span class='ocrx_word' id='word_1_26' title='bbox 1098 474 1128 527; x_wconf 90' lang='lat' dir='ltr'><strong>et</strong></span> <span class='ocrx_word' id='word_1_27' title='bbox 1139 467 1247 528; x_wconf 85' lang='lat' dir='ltr'><strong>sentire</strong></span> 
     </span>
     <span class='ocr_line' id='line_1_4' title="bbox 135 549 1247 634; baseline -0.004 -16"><span class='ocrx_word' id='word_1_28' title='bbox 135 566 168 618; x_wconf 80' lang='lat'><strong>82</strong></span> <span class='ocrx_word' id='word_1_29' title='bbox 189 563 217 616; x_wconf 86' lang='lat' dir='ltr'><strong>et</strong></span> <span class='ocrx_word' id='word_1_30' title='bbox 236 562 372 634; x_wconf 89' lang='lat' dir='ltr'><strong>appetere</strong></span> <span class='ocrx_word' id='word_1_31' title='bbox 390 553 508 634; x_wconf 85' lang='lat' dir='ltr'><strong>possint</strong></span> <span class='ocrx_word' id='word_1_32' title='bbox 526 561 555 634; x_wconf 85' lang='lat' dir='ltr'><strong>et</strong></span> <span class='ocrx_word' id='word_1_33' title='bbox 573 572 606 613; x_wconf 86' lang='lat' dir='ltr'><strong>er</strong></span> <span class='ocrx_word' id='word_1_34' title='bbox 626 571 691 614; x_wconf 88' lang='lat' dir='ltr'><strong>sese</strong></span> <span class='ocrx_word' id='word_1_35' title='bbox 711 551 815 613; x_wconf 82' lang='lat' dir='ltr'>similia</span> <span class='ocrx_word' id='word_1_36' title='bbox 830 551 876 612; x_wconf 91' lang='lat' dir='ltr'><strong>sui</strong></span> <span class='ocrx_word' id='word_1_37' title='bbox 892 551 1018 630; x_wconf 81' lang='lat' dir='ltr'>gignere.</span> <span class='ocrx_word' id='word_1_38' title='bbox 1049 549 1127 612; x_wconf 90' lang='lat' dir='ltr'><strong>Sunt</strong></span> <span class='ocrx_word' id='word_1_39' title='bbox 1141 560 1247 626; x_wconf 85' lang='lat' dir='ltr'><strong>autem,</strong></span> 
     </span>
     <span class='ocr_line' id='line_1_5' title="bbox 188 635 1246 719; baseline -0.003 -20"><span class='ocrx_word' id='word_1_40' title='bbox 188 639 237 719; x_wconf 90' lang='lat' dir='ltr'><strong>qui</strong></span> <span class='ocrx_word' id='word_1_41' title='bbox 253 638 350 700; x_wconf 92' lang='lat' dir='ltr'><strong>omnia</strong></span> <span class='ocrx_word' id='word_1_42' title='bbox 365 647 484 700; x_wconf 89' lang='lat' dir='ltr'><strong>naturae</strong></span> <span class='ocrx_word' id='word_1_43' title='bbox 497 637 618 699; x_wconf 89' lang='lat' dir='ltr'><strong>nomine</strong></span> <span class='ocrx_word' id='word_1_44' title='bbox 632 636 790 716; x_wconf 85' lang='lat' dir='ltr'>appellent,</span> <span class='ocrx_word' id='word_1_45' title='bbox 804 644 836 696; x_wconf 90' lang='lat' dir='ltr'><strong>ut</strong></span> <span class='ocrx_word' id='word_1_46' title='bbox 850 636 1004 714; x_wconf 79' lang='lat' dir='ltr'><strong>Epicurus,</strong></span> <span class='ocrx_word' id='word_1_47' title='bbox 1019 635 1069 713; x_wconf 82' lang='lat' dir='ltr'><strong>qui</strong></span> <span class='ocrx_word' id='word_1_48' title='bbox 1084 635 1125 697; x_wconf 89' lang='lat' dir='ltr'><strong>ita</strong></span> <span class='ocrx_word' id='word_1_49' title='bbox 1140 635 1246 709; x_wconf 76' lang='lat' dir='ltr'><strong>dividit</strong></span> 
     </span>
     <span class='ocr_line' id='line_1_6' title="bbox 188 719 1246 802; baseline -0.004 -16"><span class='ocrx_word' id='word_1_50' title='bbox 188 723 320 786; x_wconf 90' lang='lat' dir='ltr'><strong>omnium</strong></span> <span class='ocrx_word' id='word_1_51' title='bbox 340 742 413 802; x_wconf 89' lang='lat' dir='ltr'><strong>quae</strong></span> <span class='ocrx_word' id='word_1_52' title='bbox 433 722 491 784; x_wconf 86' lang='lat' dir='ltr'><strong>sint</strong></span> <span class='ocrx_word' id='word_1_53' title='bbox 511 729 644 784; x_wconf 87' lang='lat' dir='ltr'><strong>naturam</strong></span> <span class='ocrx_word' id='word_1_54' title='bbox 665 739 731 783; x_wconf 90' lang='lat' dir='ltr'><strong>esse</strong></span> <span class='ocrx_word' id='word_1_55' title='bbox 751 737 876 799; x_wconf 84' lang='lat' dir='ltr'><strong>corpora</strong></span> <span class='ocrx_word' id='word_1_56' title='bbox 891 727 920 780; x_wconf 90' lang='lat' dir='ltr'><strong>et</strong></span> <span class='ocrx_word' id='word_1_57' title='bbox 932 719 1032 794; x_wconf 86' lang='lat' dir='ltr'><strong>inane,</strong></span> <span class='ocrx_word' id='word_1_58' title='bbox 1052 738 1186 800; x_wconf 88' lang='lat' dir='ltr'><strong>quaeque</strong></span> <span class='ocrx_word' id='word_1_59' title='bbox 1201 721 1246 782; x_wconf 92' lang='lat' dir='ltr'><strong>bis</strong></span> 
     </span>
     <span class='ocr_line' id='line_1_7' title="bbox 188 804 1245 885; baseline -0.003 -16"><span class='ocrx_word' id='word_1_60' title='bbox 188 809 328 870; x_wconf 80' lang='lat' dir='ltr'><strong>aeoidant</strong></span> <span class='ocrx_word' id='word_1_61' title='bbox 359 807 417 869; x_wconf 86' lang='lat' dir='ltr'><strong>Sed</strong></span> <span class='ocrx_word' id='word_1_62' title='bbox 431 825 488 868; x_wconf 88' lang='lat' dir='ltr'><strong>nos</strong></span> <span class='ocrx_word' id='word_1_63' title='bbox 504 825 594 885; x_wconf 88' lang='lat' dir='ltr'><strong>quum</strong></span> <span class='ocrx_word' id='word_1_64' title='bbox 610 805 734 866; x_wconf 81' lang='lat' dir='ltr'><strong>dicimus</strong></span> <span class='ocrx_word' id='word_1_65' title='bbox 754 811 856 866; x_wconf 88' lang='lat' dir='ltr'><strong>natura</strong></span> <span class='ocrx_word' id='word_1_66' title='bbox 876 813 1011 867; x_wconf 84' lang='lat' dir='ltr'><strong>constare</strong></span> <span class='ocrx_word' id='word_1_67' title='bbox 1031 804 1245 866; x_wconf 88' lang='lat' dir='ltr'><strong>administrari-</strong></span> 
     </span>
     <span class='ocr_line' id='line_1_8' title="bbox 189 888 1245 972; baseline -0.004 -18"><span class='ocrx_word' id='word_1_68' title='bbox 189 911 245 972; x_wconf 90' lang='lat' dir='ltr'><strong>que</strong></span> <span class='ocrx_word' id='word_1_69' title='bbox 260 892 418 966; x_wconf 88' lang='lat' dir='ltr'><strong>muudum,</strong></span> <span class='ocrx_word' id='word_1_70' title='bbox 438 891 552 952; x_wconf 89' lang='lat' dir='ltr'><strong>nonita</strong></span> <span class='ocrx_word' id='word_1_71' title='bbox 567 890 705 963; x_wconf 87' lang='lat' dir='ltr'>dicimus,</span> <span class='ocrx_word' id='word_1_72' title='bbox 721 897 754 950; x_wconf 90' lang='lat' dir='ltr'><strong>ut</strong></span> <span class='ocrx_word' id='word_1_73' title='bbox 769 888 881 968; x_wconf 82' lang='lat' dir='ltr'><strong>glebam</strong></span> <span class='ocrx_word' id='word_1_74' title='bbox 896 896 946 950; x_wconf 90' lang='lat' dir='ltr'><strong>aut</strong></span> <span class='ocrx_word' id='word_1_75' title='bbox 960 889 1158 966; x_wconf 79' lang='lat' dir='ltr'><strong>fragmentum</strong></span> <span class='ocrx_word' id='word_1_76' title='bbox 1174 889 1245 968; x_wconf 86' lang='lat' dir='ltr'><strong>lapi-</strong></span> 
     </span>
     <span class='ocr_line' id='line_1_9' title="bbox 189 971 1246 1055; baseline -0.004 -17"><span class='ocrx_word' id='word_1_77' title='bbox 189 977 234 1038; x_wconf 89' lang='lat' dir='ltr'><strong>dis</strong></span> <span class='ocrx_word' id='word_1_78' title='bbox 255 985 305 1038; x_wconf 91' lang='lat' dir='ltr'><strong>aut</strong></span> <span class='ocrx_word' id='word_1_79' title='bbox 323 976 429 1055; x_wconf 90' lang='lat' dir='ltr'><strong>aliquid</strong></span> <span class='ocrx_word' id='word_1_80' title='bbox 451 975 596 1036; x_wconf 89' lang='lat' dir='ltr'><strong>eiusmodi</strong></span> <span class='ocrx_word' id='word_1_81' title='bbox 615 974 692 1034; x_wconf 91' lang='lat' dir='ltr'><strong>nulla</strong></span> <span class='ocrx_word' id='word_1_82' title='bbox 713 971 886 1036; x_wconf 82' lang='lat' dir='ltr'><strong>cohaerendi</strong></span> <span class='ocrx_word' id='word_1_83' title='bbox 905 981 1023 1048; x_wconf 79' lang='lat' dir='ltr'><strong>natura3</strong></span> <span class='ocrx_word' id='word_1_84' title='bbox 1043 972 1094 1033; x_wconf 90' lang='lat' dir='ltr'><strong>sed</strong></span> <span class='ocrx_word' id='word_1_85' title='bbox 1110 981 1145 1034; x_wconf 84' lang='lat' dir='ltr'><strong>ut</strong></span> <span class='ocrx_word' id='word_1_86' title='bbox 1159 973 1246 1035; x_wconf 89' lang='lat' dir='ltr'><strong>arbo-</strong></span> 
     </span>
     <span class='ocr_line' id='line_1_10' title="bbox 143 1057 1246 1137; baseline -0.001 -17"><span class='ocrx_word' id='word_1_87' title='bbox 143 1115 146 1120; x_wconf 90' lang='lat'><em>.</em></span> <span class='ocrx_word' id='word_1_88' title='bbox 187 1080 265 1134; x_wconf 85' lang='lat' dir='ltr'><strong>rem,</strong></span> <span class='ocrx_word' id='word_1_89' title='bbox 284 1069 317 1122; x_wconf 90' lang='lat' dir='ltr'><strong>ut</strong></span> <span class='ocrx_word' id='word_1_90' title='bbox 335 1061 453 1132; x_wconf 86' lang='lat' dir='ltr'><strong>animal,</strong></span> <span class='ocrx_word' id='word_1_91' title='bbox 473 1060 503 1120; x_wconf 94' lang='lat' dir='ltr'><strong>in</strong></span> <span class='ocrx_word' id='word_1_92' title='bbox 523 1057 627 1137; x_wconf 84' lang='lat' dir='ltr'><strong>quibus</strong></span> <span class='ocrx_word' id='word_1_93' title='bbox 647 1057 725 1118; x_wconf 90' lang='lat' dir='ltr'><strong>nulla</strong></span> <span class='ocrx_word' id='word_1_94' title='bbox 743 1057 905 1130; x_wconf 80' lang='lat' dir='ltr'><strong>temeritas,</strong></span> <span class='ocrx_word' id='word_1_95' title='bbox 926 1057 979 1120; x_wconf 88' lang='lat' dir='ltr'><strong>sed</strong></span> <span class='ocrx_word' id='word_1_96' title='bbox 993 1057 1068 1117; x_wconf 95' lang='lat' dir='ltr'><strong>ordo</strong></span> <span class='ocrx_word' id='word_1_97' title='bbox 1083 1067 1207 1136; x_wconf 89' lang='lat' dir='ltr'><strong>apparet</strong></span> <span class='ocrx_word' id='word_1_98' title='bbox 1221 1067 1246 1119; x_wconf 88' lang='lat' dir='ltr'><strong>et</strong></span> 
     </span>
     <span class='ocr_line' id='line_1_11' title="bbox 131 1141 1245 1224; baseline -0.002 -18"><span class='ocrx_word' id='word_1_99' title='bbox 131 1143 172 1206; x_wconf 75' lang='grc'><strong>88</strong></span> <span class='ocrx_word' id='word_1_100' title='bbox 190 1146 260 1206; x_wconf 86' lang='lat' dir='ltr'><strong>artis</strong></span> <span class='ocrx_word' id='word_1_101' title='bbox 276 1145 416 1224; x_wconf 80' lang='lat' dir='ltr'><strong>qimedam</strong></span> <span class='ocrx_word' id='word_1_102' title='bbox 433 1143 603 1204; x_wconf 89' lang='lat' dir='ltr'><strong>similitudo.</strong></span> <span class='ocrx_word' id='word_1_103' title='bbox 627 1142 740 1215; x_wconf 83' lang='lat' dir='ltr'><strong>Quodsi</strong></span> <span class='ocrx_word' id='word_1_104' title='bbox 755 1161 797 1214; x_wconf 90' lang='lat' dir='ltr'><strong>ea,</strong></span> <span class='ocrx_word' id='word_1_105' title='bbox 811 1159 885 1222; x_wconf 91' lang='lat' dir='ltr'><strong>quae</strong></span> <span class='ocrx_word' id='word_1_106' title='bbox 899 1160 915 1201; x_wconf 91' lang='lat' dir='ltr'><strong>a</strong></span> <span class='ocrx_word' id='word_1_107' title='bbox 929 1149 1006 1203; x_wconf 89' lang='lat' dir='ltr'><strong>terra</strong></span> <span class='ocrx_word' id='word_1_108' title='bbox 1020 1141 1165 1221; x_wconf 85' lang='lat' dir='ltr'><strong>stirpibus</strong></span> <span class='ocrx_word' id='word_1_109' title='bbox 1177 1161 1245 1204; x_wconf 90' lang='lat' dir='ltr'><strong>oon·</strong></span> 
     </span>
     <span class='ocr_line' id='line_1_12' title="bbox 137 1226 1246 1306; baseline 0 -18"><span class='ocrx_word' id='word_1_110' title='bbox 137 1237 169 1288; x_wconf 82' lang='lat'><strong>83</strong></span> <span class='ocrx_word' id='word_1_111' title='bbox 190 1229 329 1300; x_wconf 88' lang='lat' dir='ltr'><strong>tinentur,</strong></span> <span class='ocrx_word' id='word_1_112' title='bbox 345 1235 406 1288; x_wconf 90' lang='lat' dir='ltr'><strong>arte</strong></span> <span class='ocrx_word' id='word_1_113' title='bbox 421 1235 540 1288; x_wconf 88' lang='lat' dir='ltr'><strong>naturae</strong></span> <span class='ocrx_word' id='word_1_114' title='bbox 554 1227 654 1288; x_wconf 87' lang='lat' dir='ltr'><strong>viumt</strong></span> <span class='ocrx_word' id='word_1_115' title='bbox 668 1233 696 1286; x_wconf 87' lang='lat' dir='ltr'><strong>et</strong></span> <span class='ocrx_word' id='word_1_116' title='bbox 711 1227 817 1304; x_wconf 87' lang='lat' dir='ltr'><strong>vigent,</strong></span> <span class='ocrx_word' id='word_1_117' title='bbox 832 1227 964 1306; x_wconf 78' lang='lat' dir='ltr'><strong>prolecto</strong></span> <span class='ocrx_word' id='word_1_118' title='bbox 979 1226 1043 1305; x_wconf 91' lang='lat' dir='ltr'><strong>ipsa</strong></span> <span class='ocrx_word' id='word_1_119' title='bbox 1056 1235 1137 1288; x_wconf 89' lang='lat' dir='ltr'><strong>terra</strong></span> <span class='ocrx_word' id='word_1_120' title='bbox 1148 1228 1246 1288; x_wconf 85' lang='lat' dir='ltr'><strong>eadam</strong></span> 
     </span>
     <span class='ocr_line' id='line_1_13' title="bbox 189 1310 1297 1392; baseline 0 -20"><span class='ocrx_word' id='word_1_121' title='bbox 189 1313 216 1372; x_wconf 85' lang='lat' dir='ltr'><strong>vi</strong></span> <span class='ocrx_word' id='word_1_122' title='bbox 236 1312 401 1372; x_wconf 81' lang='lat' dir='ltr'><strong>continetur</strong></span> <span class='ocrx_word' id='word_1_123' title='bbox 420 1320 449 1372; x_wconf 87' lang='lat' dir='ltr'><strong>et</strong></span> <span class='ocrx_word' id='word_1_124' title='bbox 468 1319 528 1374; x_wconf 84' lang='lat' dir='ltr'><strong>arte</strong></span> <span class='ocrx_word' id='word_1_125' title='bbox 547 1320 679 1383; x_wconf 84' lang='lat' dir='ltr'><strong>naturae,</strong></span> <span class='ocrx_word' id='word_1_126' title='bbox 702 1310 811 1390; x_wconf 89' lang='lat' dir='ltr'><strong>quippe</strong></span> <span class='ocrx_word' id='word_1_127' title='bbox 831 1329 904 1392; x_wconf 90' lang='lat' dir='ltr'><strong>quae</strong></span> <span class='ocrx_word' id='word_1_128' title='bbox 924 1311 1067 1389; x_wconf 83' lang='lat' dir='ltr'><strong>gravidata</strong></span> <span class='ocrx_word' id='word_1_129' title='bbox 1087 1311 1246 1372; x_wconf 89' lang='lat' dir='ltr'><strong>seminibus</strong></span> <span class='ocrx_word' id='word_1_130' title='bbox 1296 1341 1297 1386; x_wconf 66' lang='lat' dir='ltr'><strong>t</strong></span> 
     </span>
     <span class='ocr_line' id='line_1_14' title="bbox 190 1395 1297 1476; baseline 0.003 -20"><span class='ocrx_word' id='word_1_131' title='bbox 190 1395 287 1456; x_wconf 87' lang='lat' dir='ltr'><strong>omnia</strong></span> <span class='ocrx_word' id='word_1_132' title='bbox 312 1395 404 1474; x_wconf 88' lang='lat' dir='ltr'><strong>pariat</strong></span> <span class='ocrx_word' id='word_1_133' title='bbox 423 1404 451 1456; x_wconf 90' lang='lat' dir='ltr'><strong>et</strong></span> <span class='ocrx_word' id='word_1_134' title='bbox 470 1395 625 1456; x_wconf 83' lang='lat' dir='ltr'><strong>fundator</strong></span> <span class='ocrx_word' id='word_1_135' title='bbox 644 1414 722 1468; x_wconf 81' lang='lat' dir='ltr'><strong>sese,</strong></span> <span class='ocrx_word' id='word_1_136' title='bbox 749 1396 855 1476; x_wconf 85' lang='lat' dir='ltr'><strong>stirpes</strong></span> <span class='ocrx_word' id='word_1_137' title='bbox 875 1395 1004 1474; x_wconf 87' lang='lat' dir='ltr'><strong>amplexa</strong></span> <span class='ocrx_word' id='word_1_138' title='bbox 1019 1396 1075 1456; x_wconf 87' lang='lat' dir='ltr'><strong>alat</strong></span> <span class='ocrx_word' id='word_1_139' title='bbox 1090 1405 1119 1458; x_wconf 88' lang='lat' dir='ltr'><strong>et</strong></span> <span class='ocrx_word' id='word_1_140' title='bbox 1139 1404 1246 1475; x_wconf 79' lang='lat' dir='ltr'><strong>augeat</strong></span> <span class='ocrx_word' id='word_1_141' title='bbox 1296 1403 1297 1450; x_wconf 67' lang='grc' dir='ltr'>ἶ</span> 
     </span>
     <span class='ocr_line' id='line_1_15' title="bbox 188 1479 1246 1560; baseline 0.001 -20"><span class='ocrx_word' id='word_1_142' title='bbox 188 1481 310 1560; x_wconf 88' lang='lat' dir='ltr'><strong>ipsaque</strong></span> <span class='ocrx_word' id='word_1_143' title='bbox 331 1480 422 1540; x_wconf 88' lang='lat' dir='ltr'><strong>alatur</strong></span> <span class='ocrx_word' id='word_1_144' title='bbox 436 1479 566 1542; x_wconf 87' lang='lat' dir='ltr'><strong>vicissim</strong></span> <span class='ocrx_word' id='word_1_145' title='bbox 581 1499 597 1540; x_wconf 93' lang='lat' dir='ltr'><strong>a</strong></span> <span class='ocrx_word' id='word_1_146' title='bbox 614 1479 728 1559; x_wconf 89' lang='lat' dir='ltr'><strong>superis</strong></span> <span class='ocrx_word' id='word_1_147' title='bbox 743 1480 926 1559; x_wconf 83' lang='lat' dir='ltr'><strong>externisque</strong></span> <span class='ocrx_word' id='word_1_148' title='bbox 940 1480 1063 1542; x_wconf 88' lang='lat' dir='ltr'><strong>naturis.</strong></span> <span class='ocrx_word' id='word_1_149' title='bbox 1093 1481 1246 1542; x_wconf 86' lang='lat' dir='ltr'><strong>Eiusdem-</strong></span> 
     </span>
     <span class='ocr_line' id='line_1_16' title="bbox 190 1558 1247 1645; baseline 0 -19"><span class='ocrx_word' id='word_1_150' title='bbox 190 1584 246 1645; x_wconf 86' lang='lat' dir='ltr'><strong>que</strong></span> <span class='ocrx_word' id='word_1_151' title='bbox 265 1564 512 1645; x_wconf 84' lang='lat' dir='ltr'><strong>exspirationibus</strong></span> <span class='ocrx_word' id='word_1_152' title='bbox 531 1573 559 1626; x_wconf 88' lang='lat' dir='ltr'><strong>et</strong></span> <span class='ocrx_word' id='word_1_153' title='bbox 575 1582 624 1625; x_wconf 90' lang='lat' dir='ltr'><strong>aer</strong></span> <span class='ocrx_word' id='word_1_154' title='bbox 638 1564 723 1626; x_wconf 90' lang='lat' dir='ltr'><strong>alitur</strong></span> <span class='ocrx_word' id='word_1_155' title='bbox 738 1572 767 1626; x_wconf 92' lang='lat' dir='ltr'><strong>et</strong></span> <span class='ocrx_word' id='word_1_156' title='bbox 776 1558 880 1626; x_wconf 82' lang='lat' dir='ltr'><strong>&#39;aether</strong></span> <span class='ocrx_word' id='word_1_157' title='bbox 895 1572 923 1624; x_wconf 89' lang='lat' dir='ltr'><strong>et</strong></span> <span class='ocrx_word' id='word_1_158' title='bbox 938 1565 1037 1626; x_wconf 91' lang='lat' dir='ltr'><strong>omnia</strong></span> <span class='ocrx_word' id='word_1_159' title='bbox 1052 1583 1170 1644; x_wconf 90' lang='lat' dir='ltr'><strong>supera.</strong></span> <span class='ocrx_word' id='word_1_160' title='bbox 1200 1566 1247 1638; x_wconf 82' lang='lat' dir='ltr'><strong>lta,</strong></span> 
     </span>
     <span class='ocr_line' id='line_1_17' title="bbox 190 1647 1246 1728; baseline 0 -18"><span class='ocrx_word' id='word_1_161' title='bbox 190 1650 215 1710; x_wconf 92' lang='lat' dir='ltr'><strong>si</strong></span> <span class='ocrx_word' id='word_1_162' title='bbox 235 1657 311 1710; x_wconf 86' lang='lat' dir='ltr'><strong>terra</strong></span> <span class='ocrx_word' id='word_1_163' title='bbox 331 1658 433 1712; x_wconf 89' lang='lat' dir='ltr'><strong>natura</strong></span> <span class='ocrx_word' id='word_1_164' title='bbox 453 1657 568 1711; x_wconf 81' lang='lat' dir='ltr'><strong>tenetur</strong></span> <span class='ocrx_word' id='word_1_165' title='bbox 587 1657 615 1710; x_wconf 89' lang='lat' dir='ltr'><strong>et</strong></span> <span class='ocrx_word' id='word_1_166' title='bbox 633 1649 720 1727; x_wconf 86' lang='lat' dir='ltr'><strong>viget,</strong></span> <span class='ocrx_word' id='word_1_167' title='bbox 740 1649 840 1710; x_wconf 89' lang='lat' dir='ltr'><strong>eadem</strong></span> <span class='ocrx_word' id='word_1_168' title='bbox 859 1647 933 1710; x_wconf 89' lang='lat' dir='ltr'><strong>ratio</strong></span> <span class='ocrx_word' id='word_1_169' title='bbox 954 1649 985 1710; x_wconf 92' lang='lat' dir='ltr'><strong>in</strong></span> <span class='ocrx_word' id='word_1_170' title='bbox 1003 1649 1115 1728; x_wconf 88' lang='lat' dir='ltr'><strong>reliquo</strong></span> <span class='ocrx_word' id='word_1_171' title='bbox 1137 1650 1246 1710; x_wconf 91' lang='lat' dir='ltr'><strong>mundo</strong></span> 
     </span>
     <span class='ocr_line' id='line_1_18' title="bbox 190 1733 1247 1815; baseline -0.002 -19"><span class='ocrx_word' id='word_1_172' title='bbox 190 1742 247 1796; x_wconf 92' lang='lat' dir='ltr'><strong>est:</strong></span> <span class='ocrx_word' id='word_1_173' title='bbox 267 1735 373 1815; x_wconf 87' lang='lat' dir='ltr'><strong>stirpes</strong></span> <span class='ocrx_word' id='word_1_174' title='bbox 393 1734 469 1796; x_wconf 87' lang='lat' dir='ltr'><strong>euim</strong></span> <span class='ocrx_word' id='word_1_175' title='bbox 490 1743 584 1796; x_wconf 88' lang='lat' dir='ltr'><strong>terrae</strong></span> <span class='ocrx_word' id='word_1_176' title='bbox 598 1734 762 1806; x_wconf 77' lang='lat' dir='ltr'><strong>inhaereut3</strong></span> <span class='ocrx_word' id='word_1_177' title='bbox 782 1733 945 1794; x_wconf 84' lang='lat' dir='ltr'><strong>animantes</strong></span> <span class='ocrx_word' id='word_1_178' title='bbox 960 1742 1057 1796; x_wconf 91' lang='lat' dir='ltr'><strong>autem</strong></span> <span class='ocrx_word' id='word_1_179' title='bbox 1072 1734 1247 1813; x_wconf 89' lang='lat' dir='ltr'><strong>aspiratione</strong></span> 
     </span>
     <span class='ocr_line' id='line_1_19' title="bbox 190 1817 1248 1897; baseline -0.001 -16"><span class='ocrx_word' id='word_1_180' title='bbox 190 1819 264 1881; x_wconf 76' lang='lat' dir='ltr'><strong>aeris</strong></span> <span class='ocrx_word' id='word_1_181' title='bbox 284 1820 480 1893; x_wconf 87' lang='lat' dir='ltr'><strong>sustinentur,</strong></span> <span class='ocrx_word' id='word_1_182' title='bbox 498 1819 619 1897; x_wconf 88' lang='lat' dir='ltr'><strong>ipseque</strong></span> <span class='ocrx_word' id='word_1_183' title='bbox 639 1837 687 1879; x_wconf 88' lang='lat' dir='ltr'><strong>aer</strong></span> <span class='ocrx_word' id='word_1_184' title='bbox 706 1817 862 1879; x_wconf 87' lang='lat' dir='ltr'><strong>nobiseum</strong></span> <span class='ocrx_word' id='word_1_185' title='bbox 882 1818 971 1891; x_wconf 85' lang='lat' dir='ltr'><strong>videt,</strong></span> <span class='ocrx_word' id='word_1_186' title='bbox 990 1819 1149 1880; x_wconf 90' lang='lat' dir='ltr'><strong>nobiscum</strong></span> <span class='ocrx_word' id='word_1_187' title='bbox 1164 1821 1248 1892; x_wconf 79' lang='lat' dir='ltr'><strong>auoit,</strong></span> 
     </span>
    </p>
   </div>
   <div class='ocr_carea' id='block_1_3' title="bbox 190 1967 1251 2777">
    <p class='ocr_par' dir='ltr' id='par_1_3' title="bbox 190 1967 1251 2777">
     <span class='ocr_line' id='line_1_20' title="bbox 224 1967 1249 2035; baseline 0 -15"><span class='ocrx_word' id='word_1_188' title='bbox 224 1969 265 2020; x_wconf 84' lang='lat'><strong>82.</strong></span> <span class='ocrx_word' id='word_1_189' title='bbox 293 1975 323 2020; x_wconf 81' lang='lat' dir='ltr'><strong>ut</strong></span> <span class='ocrx_word' id='word_1_190' title='bbox 344 1970 478 2034; x_wconf 76' lang='lat' dir='ltr'><strong>Epicurus.</strong></span> <span class='ocrx_word' id='word_1_191' title='bbox 518 1971 564 2024; x_wconf 82' lang='lat' dir='ltr'><strong>Die</strong></span> <span class='ocrx_word' id='word_1_192' title='bbox 588 1970 693 2032; x_wconf 89' lang='lat' dir='ltr'><strong>eigenen</strong></span> <span class='ocrx_word' id='word_1_193' title='bbox 747 1967 883 2032; x_wconf 51' lang='lat' dir='ltr'><strong>aanor.</strong></span> <span class='ocrx_word' id='word_1_194' title='bbox 903 1967 1016 2034; x_wconf 80' lang='lat'><strong>45,115.</strong></span> <span class='ocrx_word' id='word_1_195' title='bbox 1036 1968 1149 2035; x_wconf 80' lang='lat'><strong>62,155.</strong></span> <span class='ocrx_word' id='word_1_196' title='bbox 1174 1969 1249 2020; x_wconf 84' lang='lat' dir='ltr'><strong>Aead.</strong></span> 
     </span>
     <span class='ocr_line' id='line_1_21' title="bbox 190 2035 1250 2120; baseline 0 -32"><span class='ocrx_word' id='word_1_197' title='bbox 190 2037 338 2088; x_wconf 81' lang='lat' dir='ltr'><strong>Ausdriiolre</strong></span> <span class='ocrx_word' id='word_1_198' title='bbox 363 2038 496 2088; x_wconf 85' lang='lat' dir='ltr'><strong>desselben</strong></span> <span class='ocrx_word' id='word_1_199' title='bbox 522 2036 591 2120; x_wconf 65' lang='lat' dir='ltr'><strong>giebt</strong></span> <span class='ocrx_word' id='word_1_200' title='bbox 620 2037 692 2087; x_wconf 78' lang='lat' dir='ltr'><strong>Sext.</strong></span> <span class='ocrx_word' id='word_1_201' title='bbox 746 2035 770 2100; x_wconf 86' lang='lat'><strong>1,</strong></span> <span class='ocrx_word' id='word_1_202' title='bbox 789 2036 816 2102; x_wconf 79' lang='lat'><strong>7,</strong></span> <span class='ocrx_word' id='word_1_203' title='bbox 834 2035 880 2086; x_wconf 84' lang='lat'><strong>28:</strong></span> <span class='ocrx_word' id='word_1_204' title='bbox 905 2038 974 2087; x_wconf 83' lang='lat' dir='ltr'><strong>muni</strong></span> <span class='ocrx_word' id='word_1_205' title='bbox 988 2041 1085 2088; x_wconf 82' lang='lat' dir='ltr'><strong>natura</strong></span> <span class='ocrx_word' id='word_1_206' title='bbox 1101 2038 1250 2088; x_wconf 76' lang='lat' dir='ltr'><strong>cohaerente</strong></span> 
     </span>
     <span class='ocr_line' id='line_1_22' title="bbox 191 2099 1249 2220; baseline 0.001 -66"><span class='ocrx_word' id='word_1_207' title='bbox 191 2105 262 2184; x_wconf 78' lang='lat' dir='ltr'><strong>Emp.</strong></span> <span class='ocrx_word' id='word_1_208' title='bbox 274 2103 324 2184; x_wconf 56' lang='lat' dir='ltr'><strong>Ill,</strong></span> <span class='ocrx_word' id='word_1_209' title='bbox 343 2102 404 2153; x_wconf 81' lang='lat'><strong>333:</strong></span> <span class='ocrx_word' id='word_1_210' title='bbox 422 2099 592 2185; x_wconf 68' lang='grc' dir='ltr'><strong>ἡτῶνρλων</strong></span> <span class='ocrx_word' id='word_1_211' title='bbox 609 2101 695 2220; x_wconf 70' lang='lat' dir='ltr'><strong>priuis*</strong></span> <span class='ocrx_word' id='word_1_212' title='bbox 746 2107 946 2185; x_wconf 60' lang='lat' dir='ltr'><strong>etoonlipuuto.</strong></span> <span class='ocrx_word' id='word_1_213' title='bbox 978 2105 1009 2154; x_wconf 85' lang='lat' dir='ltr'><strong>de</strong></span> <span class='ocrx_word' id='word_1_214' title='bbox 1024 2104 1104 2168; x_wconf 86' lang='lat' dir='ltr'><strong>Legg.</strong></span> <span class='ocrx_word' id='word_1_215' title='bbox 1121 2104 1146 2169; x_wconf 90' lang='lat' dir='ltr'><strong>l,</strong></span> <span class='ocrx_word' id='word_1_216' title='bbox 1164 2104 1249 2187; x_wconf 48' lang='lat' dir='ltr'><strong>ska*</strong></span> 
     </span>
     <span class='ocr_line' id='line_1_23' title="bbox 397 2173 1250 2308; baseline 0.006 -19.837"><span class='ocrx_word' id='word_1_217' title='bbox 192 2187 694 2303; x_wconf 59' lang='lat' dir='ltr'><strong>a„</strong></span> <span class='ocrx_word' id='word_1_218' title='bbox 747 2171 1250 2308; x_wconf 62' lang='lat' dir='ltr'><strong>aa</strong></span> 
     </span>
     <span class='ocr_line' id='line_1_24' title="bbox 190 2305 1251 2373; baseline 0.006 -19"><span class='ocrx_word' id='word_1_219' title='bbox 190 2319 238 2373; x_wconf 82' lang='lat' dir='ltr'><strong>par</strong></span> <span class='ocrx_word' id='word_1_220' title='bbox 254 2320 283 2355; x_wconf 76' lang='lat' dir='ltr'><strong>ae</strong></span> <span class='ocrx_word' id='word_1_221' title='bbox 298 2308 393 2355; x_wconf 72' lang='lat' dir='ltr'><strong>aeterra</strong></span> <span class='ocrx_word' id='word_1_222' title='bbox 410 2305 509 2356; x_wconf 83' lang='lat' dir='ltr'><strong>duabus</strong></span> <span class='ocrx_word' id='word_1_223' title='bbox 526 2309 694 2358; x_wconf 71' lang='lat' dir='ltr'><strong>consistitur·</strong></span> <span class='ocrx_word' id='word_1_224' title='bbox 747 2305 850 2372; x_wconf 75' lang='lat' dir='ltr'><strong>aliquod</strong></span> <span class='ocrx_word' id='word_1_225' title='bbox 871 2307 919 2357; x_wconf 80' lang='lat' dir='ltr'><strong>sed</strong></span> <span class='ocrx_word' id='word_1_226' title='bbox 940 2308 1079 2359; x_wconf 71' lang='lat' dir='ltr'><strong>cohaerens</strong></span> <span class='ocrx_word' id='word_1_227' title='bbox 1104 2324 1164 2360; x_wconf 81' lang='lat' dir='ltr'><strong>eum</strong></span> <span class='ocrx_word' id='word_1_228' title='bbox 1185 2311 1251 2359; x_wconf 79' lang='lat' dir='ltr'><strong>oomi</strong></span> 
     </span>
     <span class='ocr_line' id='line_1_25' title="bbox 193 2375 1250 2442; baseline 0.001 -19"><span class='ocrx_word' id='word_1_229' title='bbox 193 2375 253 2423; x_wconf 80' lang='lat' dir='ltr'><strong>bas:</strong></span> <span class='ocrx_word' id='word_1_230' title='bbox 267 2375 695 2440; x_wconf 78' lang='lat' dir='ltr'><strong>namomporasuntetioane.—</strong></span> <span class='ocrx_word' id='word_1_231' title='bbox 748 2388 854 2442; x_wconf 82' lang='lat' dir='ltr'><strong>corpore</strong></span> <span class='ocrx_word' id='word_1_232' title='bbox 880 2378 1023 2426; x_wconf 76' lang='lat' dir='ltr'><strong>oraembrmn</strong></span> <span class='ocrx_word' id='word_1_233' title='bbox 1046 2393 1103 2426; x_wconf 80' lang='lat' dir='ltr'><strong>erse</strong></span> <span class='ocrx_word' id='word_1_234' title='bbox 1126 2376 1250 2427; x_wconf 64' lang='lat' dir='ltr'><strong>addentur.</strong></span> 
     </span>
     <span class='ocr_line' id='line_1_26' title="bbox 193 2439 1251 2509; baseline 0.002 -16"><span class='ocrx_word' id='word_1_235' title='bbox 193 2439 273 2493; x_wconf 86' lang='lat' dir='ltr'><strong>Uriter</strong></span> <span class='ocrx_word' id='word_1_236' title='bbox 290 2441 345 2492; x_wconf 89' lang='lat' dir='ltr'><strong>dem</strong></span> <span class='ocrx_word' id='word_1_237' title='bbox 362 2440 422 2504; x_wconf 88' lang='lat' dir='ltr'><strong>lolg.</strong></span> <span class='ocrx_word' id='word_1_238' title='bbox 439 2457 504 2508; x_wconf 76' lang='lat' dir='ltr'><strong>qima</strong></span> <span class='ocrx_word' id='word_1_239' title='bbox 518 2443 558 2492; x_wconf 81' lang='lat' dir='ltr'><strong>bis</strong></span> <span class='ocrx_word' id='word_1_240' title='bbox 569 2441 694 2506; x_wconf 72' lang='lat' dir='ltr'><strong>aooidmat,</strong></span> <span class='ocrx_word' id='word_1_241' title='bbox 750 2439 808 2491; x_wconf 86' lang='lat' dir='ltr'><strong>Seu.</strong></span> <span class='ocrx_word' id='word_1_242' title='bbox 821 2440 868 2506; x_wconf 78' lang='lat' dir='ltr'><strong>Qu.</strong></span> <span class='ocrx_word' id='word_1_243' title='bbox 887 2449 937 2492; x_wconf 87' lang='lat' dir='ltr'><strong>nat.</strong></span> <span class='ocrx_word' id='word_1_244' title='bbox 950 2442 983 2509; x_wconf 87' lang='lat' dir='ltr'><strong>ll,</strong></span> <span class='ocrx_word' id='word_1_245' title='bbox 999 2443 1015 2492; x_wconf 83' lang='lat'><strong>2</strong></span> <span class='ocrx_word' id='word_1_246' title='bbox 1032 2451 1112 2494; x_wconf 76' lang='lat' dir='ltr'><strong>exta:</strong></span> <span class='ocrx_word' id='word_1_247' title='bbox 1129 2449 1251 2495; x_wconf 81' lang='lat' dir='ltr'><strong>naturum</strong></span> 
     </span>
     <span class='ocr_line' id='line_1_27' title="bbox 194 2508 1251 2578; baseline 0.001 -18"><span class='ocrx_word' id='word_1_248' title='bbox 194 2510 217 2560; x_wconf 91' lang='lat' dir='ltr'><strong>d.</strong></span> <span class='ocrx_word' id='word_1_249' title='bbox 231 2510 254 2559; x_wconf 91' lang='lat' dir='ltr'><strong>b.</strong></span> <span class='ocrx_word' id='word_1_250' title='bbox 276 2508 344 2558; x_wconf 91' lang='lat' dir='ltr'><strong>ibre</strong></span> <span class='ocrx_word' id='word_1_251' title='bbox 365 2509 586 2575; x_wconf 68' lang='lat' dir='ltr'><strong>decidentium,</strong></span> <span class='ocrx_word' id='word_1_252' title='bbox 603 2510 638 2561; x_wconf 89' lang='lat' dir='ltr'><strong>ist</strong></span> <span class='ocrx_word' id='word_1_253' title='bbox 655 2511 695 2560; x_wconf 84' lang='lat' dir='ltr'><strong>dio</strong></span> <span class='ocrx_word' id='word_1_254' title='bbox 749 2509 947 2577; x_wconf 77' lang='lat' dir='ltr'><strong>eorporisnulla</strong></span> <span class='ocrx_word' id='word_1_255' title='bbox 959 2527 1005 2578; x_wconf 89' lang='lat' dir='ltr'><strong>ope</strong></span> <span class='ocrx_word' id='word_1_256' title='bbox 1018 2511 1186 2564; x_wconf 71' lang='lat' dir='ltr'><strong>eetmuared</strong></span> <span class='ocrx_word' id='word_1_257' title='bbox 1196 2515 1251 2564; x_wconf 76' lang='lat' dir='ltr'><strong>auti-</strong></span> 
     </span>
     <span class='ocr_line' id='line_1_28' title="bbox 194 2577 1249 2641; baseline 0.002 -16"><span class='ocrx_word' id='word_1_258' title='bbox 194 2577 336 2641; x_wconf 86' lang='lat' dir='ltr'><strong>Beweguug</strong></span> <span class='ocrx_word' id='word_1_259' title='bbox 358 2578 404 2626; x_wconf 90' lang='lat' dir='ltr'><strong>der</strong></span> <span class='ocrx_word' id='word_1_260' title='bbox 424 2577 514 2628; x_wconf 81' lang='lat' dir='ltr'><strong>Atome</strong></span> <span class='ocrx_word' id='word_1_261' title='bbox 540 2578 572 2627; x_wconf 88' lang='lat' dir='ltr'><strong>im</strong></span> <span class='ocrx_word' id='word_1_262' title='bbox 597 2577 695 2628; x_wconf 88' lang='lat' dir='ltr'><strong>Leeren</strong></span> <span class='ocrx_word' id='word_1_263' title='bbox 751 2580 804 2628; x_wconf 79' lang='lat' dir='ltr'><strong>tate</strong></span> <span class='ocrx_word' id='word_1_264' title='bbox 826 2593 876 2628; x_wconf 80' lang='lat' dir='ltr'><strong>sua</strong></span> <span class='ocrx_word' id='word_1_265' title='bbox 899 2579 1066 2632; x_wconf 69' lang='lat' dir='ltr'><strong>cohaeream.</strong></span> <span class='ocrx_word' id='word_1_266' title='bbox 1104 2578 1189 2630; x_wconf 88' lang='lat' dir='ltr'><strong>Ueber</strong></span> <span class='ocrx_word' id='word_1_267' title='bbox 1212 2579 1249 2630; x_wconf 87' lang='lat' dir='ltr'><strong>die</strong></span> 
     </span>
     <span class='ocr_line' id='line_1_29' title="bbox 193 2644 1250 2712; baseline 0 -17"><span class='ocrx_word' id='word_1_268' title='bbox 193 2645 243 2695; x_wconf 88' lang='lat' dir='ltr'><strong>uad</strong></span> <span class='ocrx_word' id='word_1_269' title='bbox 263 2644 303 2695; x_wconf 93' lang='lat' dir='ltr'><strong>die</strong></span> <span class='ocrx_word' id='word_1_270' title='bbox 325 2645 433 2696; x_wconf 83' lang='lat' dir='ltr'><strong>dadurob</strong></span> <span class='ocrx_word' id='word_1_271' title='bbox 451 2646 573 2697; x_wconf 86' lang='lat' dir='ltr'><strong>bewirkte</strong></span> <span class='ocrx_word' id='word_1_272' title='bbox 591 2645 695 2696; x_wconf 85' lang='lat' dir='ltr'><strong>Eutste·</strong></span> <span class='ocrx_word' id='word_1_273' title='bbox 750 2645 830 2696; x_wconf 84' lang='lat' dir='ltr'><strong>Saobe</strong></span> <span class='ocrx_word' id='word_1_274' title='bbox 850 2646 966 2696; x_wconf 86' lang='lat' dir='ltr'><strong>verdieut</strong></span> <span class='ocrx_word' id='word_1_275' title='bbox 987 2647 1058 2696; x_wconf 74' lang='lat' dir='ltr'><strong>Sext.</strong></span> <span class='ocrx_word' id='word_1_276' title='bbox 1077 2646 1149 2712; x_wconf 82' lang='lat' dir='ltr'><strong>Ilmp.</strong></span> <span class='ocrx_word' id='word_1_277' title='bbox 1161 2646 1207 2711; x_wconf 84' lang='lat' dir='ltr'><strong>lx,</strong></span> <span class='ocrx_word' id='word_1_278' title='bbox 1221 2646 1250 2695; x_wconf 78' lang='lat'><strong>78</strong></span> 
     </span>
     <span class='ocr_line' id='line_1_30' title="bbox 194 2712 1168 2777; baseline 0.003 -15"><span class='ocrx_word' id='word_1_279' title='bbox 194 2713 260 2776; x_wconf 85' lang='lat' dir='ltr'><strong>burg</strong></span> <span class='ocrx_word' id='word_1_280' title='bbox 271 2712 317 2763; x_wconf 90' lang='lat' dir='ltr'><strong>der</strong></span> <span class='ocrx_word' id='word_1_281' title='bbox 328 2713 409 2776; x_wconf 82' lang='lat' dir='ltr'><strong>llinge</strong></span> <span class='ocrx_word' id='word_1_282' title='bbox 421 2729 453 2764; x_wconf 85' lang='lat' dir='ltr'><strong>zu</strong></span> <span class='ocrx_word' id='word_1_283' title='bbox 468 2715 595 2766; x_wconf 82' lang='lat' dir='ltr'><strong>veratebn.</strong></span> <span class='ocrx_word' id='word_1_284' title='bbox 749 2741 776 2749; x_wconf 91' lang='lat'><em>-</em></span> <span class='ocrx_word' id='word_1_285' title='bbox 788 2712 821 2762; x_wconf 83' lang='lat'><strong>84</strong></span> <span class='ocrx_word' id='word_1_286' title='bbox 833 2713 998 2777; x_wconf 86' lang='lat' dir='ltr'><strong>uaobgelesen</strong></span> <span class='ocrx_word' id='word_1_287' title='bbox 1012 2729 1043 2763; x_wconf 81' lang='lat' dir='ltr'><strong>nu</strong></span> <span class='ocrx_word' id='word_1_288' title='bbox 1055 2715 1168 2765; x_wconf 84' lang='lat' dir='ltr'><strong>werden.</strong></span> 
     </span>
    </p>
   </div>
   <div class='ocr_carea' id='block_1_4' title="bbox 227 2770 1251 2914">
    <p class='ocr_par' dir='ltr' id='par_1_4' title="bbox 227 2770 1251 2914">
     <span class='ocr_line' id='line_1_31' title="bbox 227 2770 1251 2898; baseline 0.002 -68"><span class='ocrx_word' id='word_1_289' title='bbox 227 2785 323 2832; x_wconf 77' lang='lat' dir='ltr'><strong>nodare</strong></span> <span class='ocrx_word' id='word_1_290' title='bbox 338 2787 457 2834; x_wconf 76' lang='lat' dir='ltr'><strong>donatura</strong></span> <span class='ocrx_word' id='word_1_291' title='bbox 468 2811 502 2820; x_wconf 85' lang='lat'><strong>—</strong></span> <span class='ocrx_word' id='word_1_292' title='bbox 512 2781 638 2834; x_wconf 81' lang='lat' dir='ltr'><strong>mundum</strong></span> <span class='ocrx_word' id='word_1_293' title='bbox 650 2784 696 2832; x_wconf 86' lang='lat' dir='ltr'><strong>eto.</strong></span> <span class='ocrx_word' id='word_1_294' title='bbox 784 2770 837 2831; x_wconf 75' lang='lat'><strong>88·</strong></span> <span class='ocrx_word' id='word_1_295' title='bbox 855 2779 896 2831; x_wconf 84' lang='lat'><strong>83.</strong></span> <span class='ocrx_word' id='word_1_296' title='bbox 914 2781 1075 2898; x_wconf 62' lang='lat' dir='ltr'><strong>eiuadmngoa</strong></span> <span class='ocrx_word' id='word_1_297' title='bbox 1094 2783 1251 2850; x_wconf 68' lang='lat' dir='ltr'><strong>suspiratio-</strong></span> 
     </span>
     <span class='ocr_line' id='line_1_32' title="bbox 1045 2887 1052 2914; baseline 0 0"><span class='ocrx_word' id='word_1_298' title='bbox 1045 2887 1052 2914; x_wconf 72' lang='lat'><em>2</em></span> 
     </span>
    </p>
   </div>
   <div class='ocr_carea' id='block_1_5' title="bbox 192 2839 1299 3860">
    <p class='ocr_par' dir='ltr' id='par_1_5' title="bbox 192 2839 1299 3317">
     <span class='ocr_line' id='line_1_33' title="bbox 193 2839 1299 2914; baseline 0 -16"><span class='ocrx_word' id='word_1_299' title='bbox 193 2848 245 2898; x_wconf 85' lang='lat' dir='ltr'><strong>Der</strong></span> <span class='ocrx_word' id='word_1_300' title='bbox 262 2848 336 2897; x_wconf 86' lang='lat' dir='ltr'><strong>Sion:</strong></span> <span class='ocrx_word' id='word_1_301' title='bbox 355 2849 432 2911; x_wconf 86' lang='lat' dir='ltr'><strong>„Wir</strong></span> <span class='ocrx_word' id='word_1_302' title='bbox 452 2850 545 2900; x_wconf 88' lang='lat' dir='ltr'><strong>wolleu</strong></span> <span class='ocrx_word' id='word_1_303' title='bbox 562 2850 638 2900; x_wconf 82' lang='lat' dir='ltr'><strong>demit</strong></span> <span class='ocrx_word' id='word_1_304' title='bbox 654 2863 695 2900; x_wconf 85' lang='lat' dir='ltr'><strong>sa·</strong></span> <span class='ocrx_word' id='word_1_305' title='bbox 749 2850 883 2900; x_wconf 74' lang='lat' dir='ltr'><strong>albareto.</strong></span> <span class='ocrx_word' id='word_1_306' title='bbox 907 2848 1024 2912; x_wconf 87' lang='lat' dir='ltr'><strong>Vgl.e.1</strong></span> <span class='ocrx_word' id='word_1_307' title='bbox 1062 2849 1095 2899; x_wconf 81' lang='lat'><strong>40</strong></span> <span class='ocrx_word' id='word_1_308' title='bbox 1107 2849 1250 2914; x_wconf 80' lang='lat' dir='ltr'><strong>u.46,118‚</strong></span> <span class='ocrx_word' id='word_1_309' title='bbox 1298 2839 1299 2906; x_wconf 77' lang='lat' dir='ltr'><strong>l</strong></span> 
     </span>
     <span class='ocr_line' id='line_1_34' title="bbox 192 2915 1251 2980; baseline 0.003 -17"><span class='ocrx_word' id='word_1_310' title='bbox 192 2916 334 2976; x_wconf 58' lang='lat' dir='ltr'><strong>gen,„dass</strong></span> <span class='ocrx_word' id='word_1_311' title='bbox 351 2916 390 2964; x_wconf 90' lang='lat' dir='ltr'><strong>die</strong></span> <span class='ocrx_word' id='word_1_312' title='bbox 407 2915 481 2967; x_wconf 85' lang='lat' dir='ltr'><strong>Welt</strong></span> <span class='ocrx_word' id='word_1_313' title='bbox 496 2918 565 2967; x_wconf 88' lang='lat' dir='ltr'><strong>niebt</strong></span> <span class='ocrx_word' id='word_1_314' title='bbox 580 2917 620 2966; x_wconf 86' lang='lat' dir='ltr'><strong>eiu</strong></span> <span class='ocrx_word' id='word_1_315' title='bbox 640 2917 696 2967; x_wconf 85' lang='lat' dir='ltr'><strong>bles</strong></span> <span class='ocrx_word' id='word_1_316' title='bbox 749 2932 789 2966; x_wconf 89' lang='lat' dir='ltr'><strong>wo</strong></span> <span class='ocrx_word' id='word_1_317' title='bbox 803 2915 895 2980; x_wconf 86' lang='lat' dir='ltr'><strong>jedoob</strong></span> <span class='ocrx_word' id='word_1_318' title='bbox 913 2932 961 2968; x_wconf 92' lang='lat' dir='ltr'><strong>nur</strong></span> <span class='ocrx_word' id='word_1_319' title='bbox 980 2933 1030 2966; x_wconf 87' lang='lat' dir='ltr'><strong>von</strong></span> <span class='ocrx_word' id='word_1_320' title='bbox 1049 2918 1097 2966; x_wconf 86' lang='lat' dir='ltr'><strong>deu</strong></span> <span class='ocrx_word' id='word_1_321' title='bbox 1116 2916 1251 2970; x_wconf 86' lang='lat' dir='ltr'><strong>Gestiroen</strong></span> 
     </span>
     <span class='ocr_line' id='line_1_35' title="bbox 192 2980 1252 3048; baseline 0.003 -18"><span class='ocrx_word' id='word_1_322' title='bbox 192 2980 394 3044; x_wconf 86' lang='lat' dir='ltr'><strong>meebauisebes,</strong></span> <span class='ocrx_word' id='word_1_323' title='bbox 428 2982 539 3034; x_wconf 85' lang='lat' dir='ltr'><strong>lebloses</strong></span> <span class='ocrx_word' id='word_1_324' title='bbox 568 2985 698 3048; x_wconf 81' lang='lat' dir='ltr'><strong>Aggregut</strong></span> <span class='ocrx_word' id='word_1_325' title='bbox 750 2983 790 3035; x_wconf 88' lang='lat' dir='ltr'><strong>die</strong></span> <span class='ocrx_word' id='word_1_326' title='bbox 811 2981 879 3034; x_wconf 82' lang='lat' dir='ltr'><strong>Reda</strong></span> <span class='ocrx_word' id='word_1_327' title='bbox 900 2983 942 3035; x_wconf 91' lang='lat' dir='ltr'><strong>ist.</strong></span> <span class='ocrx_word' id='word_1_328' title='bbox 970 2983 1035 3035; x_wconf 80' lang='lat' dir='ltr'><strong>llass</strong></span> <span class='ocrx_word' id='word_1_329' title='bbox 1055 2985 1118 3034; x_wconf 86' lang='lat' dir='ltr'><strong>aueb</strong></span> <span class='ocrx_word' id='word_1_330' title='bbox 1135 2986 1178 3035; x_wconf 86' lang='lat' dir='ltr'><strong>die</strong></span> <span class='ocrx_word' id='word_1_331' title='bbox 1193 2984 1252 3035; x_wconf 80' lang='lat' dir='ltr'><strong>Lau</strong></span> 
     </span>
     <span class='ocr_line' id='line_1_36' title="bbox 192 3047 1251 3116; baseline 0.005 -20"><span class='ocrx_word' id='word_1_332' title='bbox 192 3047 241 3096; x_wconf 89' lang='lat' dir='ltr'><strong>wie</strong></span> <span class='ocrx_word' id='word_1_333' title='bbox 263 3047 303 3095; x_wconf 91' lang='lat' dir='ltr'><strong>eiu</strong></span> <span class='ocrx_word' id='word_1_334' title='bbox 319 3047 454 3098; x_wconf 81' lang='lat' dir='ltr'><strong>Felsstiielr</strong></span> <span class='ocrx_word' id='word_1_335' title='bbox 476 3051 537 3100; x_wconf 86' lang='lat' dir='ltr'><strong>oder</strong></span> <span class='ocrx_word' id='word_1_336' title='bbox 558 3052 613 3101; x_wconf 88' lang='lat' dir='ltr'><strong>eine</strong></span> <span class='ocrx_word' id='word_1_337' title='bbox 630 3052 697 3102; x_wconf 80' lang='lat' dir='ltr'><strong>nro-</strong></span> <span class='ocrx_word' id='word_1_338' title='bbox 749 3050 800 3100; x_wconf 89' lang='lat' dir='ltr'><strong>und</strong></span> <span class='ocrx_word' id='word_1_339' title='bbox 812 3051 857 3100; x_wconf 89' lang='lat' dir='ltr'><strong>dor</strong></span> <span class='ocrx_word' id='word_1_340' title='bbox 868 3050 965 3102; x_wconf 80' lang='lat' dir='ltr'><strong>Aether</strong></span> <span class='ocrx_word' id='word_1_341' title='bbox 981 3069 1031 3102; x_wconf 89' lang='lat' dir='ltr'><strong>von</strong></span> <span class='ocrx_word' id='word_1_342' title='bbox 1047 3053 1095 3102; x_wconf 88' lang='lat' dir='ltr'><strong>deu</strong></span> <span class='ocrx_word' id='word_1_343' title='bbox 1111 3053 1251 3116; x_wconf 82' lang='lat' dir='ltr'><strong>wiissrigen</strong></span> 
     </span>
     <span class='ocr_line' id='line_1_37' title="bbox 193 3113 1253 3184; baseline 0.005 -20"><span class='ocrx_word' id='word_1_344' title='bbox 193 3113 303 3176; x_wconf 87' lang='lat' dir='ltr'><strong>sobolle‚</strong></span> <span class='ocrx_word' id='word_1_345' title='bbox 316 3115 424 3163; x_wconf 83' lang='lat' dir='ltr'><strong>sordere</strong></span> <span class='ocrx_word' id='word_1_346' title='bbox 436 3115 476 3165; x_wconf 88' lang='lat' dir='ltr'><strong>ein</strong></span> <span class='ocrx_word' id='word_1_347' title='bbox 488 3116 640 3182; x_wconf 86' lang='lat' dir='ltr'><strong>leberdiges‚</strong></span> <span class='ocrx_word' id='word_1_348' title='bbox 654 3134 696 3168; x_wconf 89' lang='lat' dir='ltr'><strong>or·</strong></span> <span class='ocrx_word' id='word_1_349' title='bbox 750 3117 962 3183; x_wconf 79' lang='lat' dir='ltr'><strong>Ausdiinstungen</strong></span> <span class='ocrx_word' id='word_1_350' title='bbox 983 3121 1029 3170; x_wconf 88' lang='lat' dir='ltr'><strong>der</strong></span> <span class='ocrx_word' id='word_1_351' title='bbox 1052 3120 1121 3170; x_wconf 83' lang='lat' dir='ltr'><strong>Erde</strong></span> <span class='ocrx_word' id='word_1_352' title='bbox 1148 3121 1253 3184; x_wconf 85' lang='lat' dir='ltr'><strong>geuiibrt</strong></span> 
     </span>
     <span class='ocr_line' id='line_1_38' title="bbox 194 3181 1253 3252; baseline 0.004 -20"><span class='ocrx_word' id='word_1_353' title='bbox 194 3181 297 3245; x_wconf 82' lang='lat' dir='ltr'><strong>gauiseb</strong></span> <span class='ocrx_word' id='word_1_354' title='bbox 309 3181 484 3233; x_wconf 86' lang='lat' dir='ltr'><strong>verbundeues</strong></span> <span class='ocrx_word' id='word_1_355' title='bbox 497 3181 582 3233; x_wconf 86' lang='lat' dir='ltr'><strong>Ganze</strong></span> <span class='ocrx_word' id='word_1_356' title='bbox 598 3187 636 3236; x_wconf 88' lang='lat' dir='ltr'><strong>sei</strong></span> <span class='ocrx_word' id='word_1_357' title='bbox 647 3187 696 3235; x_wconf 89' lang='lat' dir='ltr'><strong>wie</strong></span> <span class='ocrx_word' id='word_1_358' title='bbox 749 3186 865 3250; x_wconf 88' lang='lat' dir='ltr'><strong>werden,</strong></span> <span class='ocrx_word' id='word_1_359' title='bbox 888 3189 979 3252; x_wconf 84' lang='lat' dir='ltr'><strong>gebdrt</strong></span> <span class='ocrx_word' id='word_1_360' title='bbox 995 3205 1028 3237; x_wconf 90' lang='lat' dir='ltr'><strong>zu</strong></span> <span class='ocrx_word' id='word_1_361' title='bbox 1043 3189 1090 3237; x_wconf 89' lang='lat' dir='ltr'><strong>der</strong></span> <span class='ocrx_word' id='word_1_362' title='bbox 1106 3187 1131 3252; x_wconf 65' lang='grc' dir='ltr'><strong>ς.</strong></span> <span class='ocrx_word' id='word_1_363' title='bbox 1145 3187 1180 3238; x_wconf 85' lang='grc'><strong>84</strong></span> <span class='ocrx_word' id='word_1_364' title='bbox 1196 3203 1253 3238; x_wconf 91' lang='lat' dir='ltr'><strong>vor-</strong></span> 
     </span>
     <span class='ocr_line' id='line_1_39' title="bbox 194 3248 1261 3317; baseline 0.004 -17"><span class='ocrx_word' id='word_1_365' title='bbox 194 3250 234 3300; x_wconf 89' lang='lat' dir='ltr'><strong>eiu</strong></span> <span class='ocrx_word' id='word_1_366' title='bbox 248 3248 325 3300; x_wconf 88' lang='lat' dir='ltr'><strong>Tbier</strong></span> <span class='ocrx_word' id='word_1_367' title='bbox 337 3249 398 3299; x_wconf 88' lang='lat' dir='ltr'><strong>oder</strong></span> <span class='ocrx_word' id='word_1_368' title='bbox 410 3249 465 3300; x_wconf 86' lang='lat' dir='ltr'><strong>eino</strong></span> <span class='ocrx_word' id='word_1_369' title='bbox 477 3250 605 3301; x_wconf 85' lang='lat' dir='ltr'><strong>Pilanze.“</strong></span> <span class='ocrx_word' id='word_1_370' title='bbox 750 3259 901 3317; x_wconf 88' lang='lat' dir='ltr'><strong>getrageoen</strong></span> <span class='ocrx_word' id='word_1_371' title='bbox 912 3254 1017 3307; x_wconf 79' lang='lat' dir='ltr'><strong>Ansiobt</strong></span> <span class='ocrx_word' id='word_1_372' title='bbox 1028 3271 1078 3307; x_wconf 87' lang='lat' dir='ltr'><strong>von</strong></span> <span class='ocrx_word' id='word_1_373' title='bbox 1091 3255 1146 3305; x_wconf 89' lang='lat' dir='ltr'><strong>dem</strong></span> <span class='ocrx_word' id='word_1_374' title='bbox 1158 3255 1261 3308; x_wconf 60' lang='lat' dir='ltr'><strong>Ueber„</strong></span> 
     </span>
    </p>

    <p class='ocr_par' dir='ltr' id='par_1_6' title="bbox 227 3317 1209 3384">
     <span class='ocr_line' id='line_1_40' title="bbox 227 3317 1209 3384; baseline 0.006 -15"><span class='ocrx_word' id='word_1_375' title='bbox 227 3317 297 3369; x_wconf 80' lang='lat' dir='ltr'><strong>nulla</strong></span> <span class='ocrx_word' id='word_1_376' title='bbox 321 3317 471 3369; x_wconf 77' lang='lat' dir='ltr'><strong>oodaoroadi</strong></span> <span class='ocrx_word' id='word_1_377' title='bbox 491 3323 599 3370; x_wconf 82' lang='lat' dir='ltr'><strong>natura:</strong></span> <span class='ocrx_word' id='word_1_378' title='bbox 633 3321 696 3371; x_wconf 82' lang='lat' dir='ltr'><strong>obus</strong></span> <span class='ocrx_word' id='word_1_379' title='bbox 750 3336 829 3384; x_wconf 88' lang='lat' dir='ltr'><strong>gange</strong></span> <span class='ocrx_word' id='word_1_380' title='bbox 841 3322 886 3372; x_wconf 89' lang='lat' dir='ltr'><strong>der</strong></span> <span class='ocrx_word' id='word_1_381' title='bbox 898 3322 1028 3374; x_wconf 87' lang='lat' dir='ltr'><strong>Elemente</strong></span> <span class='ocrx_word' id='word_1_382' title='bbox 1041 3324 1065 3372; x_wconf 89' lang='lat' dir='ltr'><strong>iu</strong></span> <span class='ocrx_word' id='word_1_383' title='bbox 1079 3323 1209 3376; x_wconf 85' lang='lat' dir='ltr'><strong>einander.</strong></span> 
     </span>
    </p>

    <p class='ocr_par' dir='ltr' id='par_1_7' title="bbox 194 3383 1257 3718">
     <span class='ocr_line' id='line_1_41' title="bbox 194 3383 1254 3450; baseline 0.003 -13"><span class='ocrx_word' id='word_1_384' title='bbox 194 3387 249 3437; x_wconf 89' lang='lat' dir='ltr'><strong>eine</strong></span> <span class='ocrx_word' id='word_1_385' title='bbox 267 3386 337 3438; x_wconf 84' lang='lat' dir='ltr'><strong>dario</strong></span> <span class='ocrx_word' id='word_1_386' title='bbox 354 3386 483 3438; x_wconf 84' lang='lat' dir='ltr'><strong>wirkeude</strong></span> <span class='ocrx_word' id='word_1_387' title='bbox 499 3383 574 3436; x_wconf 71' lang='lat' dir='ltr'><strong>liralt</strong></span> <span class='ocrx_word' id='word_1_388' title='bbox 595 3387 695 3450; x_wconf 85' lang='lat' dir='ltr'><strong>organi·</strong></span> <span class='ocrx_word' id='word_1_389' title='bbox 783 3403 829 3440; x_wconf 83' lang='lat' dir='ltr'><strong>aar</strong></span> <span class='ocrx_word' id='word_1_390' title='bbox 839 3391 972 3442; x_wconf 62' lang='lat' dir='ltr'><strong>nobiseum</strong></span> <span class='ocrx_word' id='word_1_391' title='bbox 983 3391 1052 3442; x_wconf 75' lang='lat' dir='ltr'><strong>addet</strong></span> <span class='ocrx_word' id='word_1_392' title='bbox 1068 3395 1114 3440; x_wconf 85' lang='lat' dir='ltr'><strong>ete.</strong></span> <span class='ocrx_word' id='word_1_393' title='bbox 1134 3392 1160 3442; x_wconf 87' lang='lat' dir='ltr'><strong>d.</strong></span> <span class='ocrx_word' id='word_1_394' title='bbox 1172 3393 1196 3442; x_wconf 92' lang='lat' dir='ltr'><strong>b.</strong></span> <span class='ocrx_word' id='word_1_395' title='bbox 1211 3408 1254 3441; x_wconf 89' lang='lat' dir='ltr'><strong>uu-</strong></span> 
     </span>
     <span class='ocr_line' id='line_1_42' title="bbox 194 3454 1256 3524; baseline 0.004 -20"><span class='ocrx_word' id='word_1_396' title='bbox 194 3456 270 3504; x_wconf 87' lang='lat' dir='ltr'><strong>soben</strong></span> <span class='ocrx_word' id='word_1_397' title='bbox 287 3454 540 3519; x_wconf 84' lang='lat' dir='ltr'><strong>Zusammeubauges.</strong></span> <span class='ocrx_word' id='word_1_398' title='bbox 562 3455 632 3504; x_wconf 88' lang='lat' dir='ltr'><strong>Denu</strong></span> <span class='ocrx_word' id='word_1_399' title='bbox 650 3471 697 3506; x_wconf 81' lang='lat' dir='ltr'><strong>na-</strong></span> <span class='ocrx_word' id='word_1_400' title='bbox 750 3471 793 3506; x_wconf 87' lang='lat' dir='ltr'><strong>ser</strong></span> <span class='ocrx_word' id='word_1_401' title='bbox 806 3455 900 3522; x_wconf 87' lang='lat' dir='ltr'><strong>Sebeu,</strong></span> <span class='ocrx_word' id='word_1_402' title='bbox 917 3459 1014 3524; x_wconf 82' lang='lat' dir='ltr'><strong>Hdren,</strong></span> <span class='ocrx_word' id='word_1_403' title='bbox 1027 3458 1126 3510; x_wconf 84' lang='lat' dir='ltr'><strong>Lauteu</strong></span> <span class='ocrx_word' id='word_1_404' title='bbox 1138 3460 1200 3522; x_wconf 86' lang='lat' dir='ltr'><strong>gebt</strong></span> <span class='ocrx_word' id='word_1_405' title='bbox 1212 3459 1256 3510; x_wconf 87' lang='lat' dir='ltr'><strong>ruit</strong></span> 
     </span>
     <span class='ocr_line' id='line_1_43' title="bbox 195 3517 1257 3591; baseline 0.006 -19"><span class='ocrx_word' id='word_1_406' title='bbox 195 3525 255 3572; x_wconf 80' lang='lat' dir='ltr'><strong>tura</strong></span> <span class='ocrx_word' id='word_1_407' title='bbox 265 3523 314 3572; x_wconf 85' lang='lat' dir='ltr'><strong>wia</strong></span> <span class='ocrx_word' id='word_1_408' title='bbox 327 3517 412 3591; x_wconf 83' lang='grc' dir='ltr'><strong><em>φύσις</em></strong></span> <span class='ocrx_word' id='word_1_409' title='bbox 425 3524 505 3574; x_wconf 89' lang='lat' dir='ltr'><strong>beisst</strong></span> <span class='ocrx_word' id='word_1_410' title='bbox 521 3523 583 3573; x_wconf 85' lang='lat' dir='ltr'><strong>anob</strong></span> <span class='ocrx_word' id='word_1_411' title='bbox 595 3523 635 3572; x_wconf 90' lang='lat' dir='ltr'><strong>die</strong></span> <span class='ocrx_word' id='word_1_412' title='bbox 648 3518 697 3574; x_wconf 77' lang='lat' dir='ltr'><strong>do·</strong></span> <span class='ocrx_word' id='word_1_413' title='bbox 749 3522 824 3581; x_wconf 85' lang='lat' dir='ltr'><strong>Hiille</strong></span> <span class='ocrx_word' id='word_1_414' title='bbox 836 3525 882 3573; x_wconf 89' lang='lat' dir='ltr'><strong>der</strong></span> <span class='ocrx_word' id='word_1_415' title='bbox 893 3524 953 3577; x_wconf 80' lang='lat' dir='ltr'><strong>Lult</strong></span> <span class='ocrx_word' id='word_1_416' title='bbox 965 3542 1011 3576; x_wconf 92' lang='lat' dir='ltr'><strong>vor</strong></span> <span class='ocrx_word' id='word_1_417' title='bbox 1023 3527 1083 3576; x_wconf 87' lang='lat' dir='ltr'><strong>sieb.</strong></span> <span class='ocrx_word' id='word_1_418' title='bbox 1106 3525 1162 3576; x_wconf 83' lang='lat' dir='ltr'><strong>Dan</strong></span> <span class='ocrx_word' id='word_1_419' title='bbox 1172 3526 1257 3578; x_wconf 84' lang='lat' dir='ltr'><strong>Soball</strong></span> 
     </span>
     <span class='ocr_line' id='line_1_44' title="bbox 194 3584 1256 3718; baseline 0.01 -16"><span class='ocrx_word' id='word_1_420' title='bbox 194 3601 279 3703; x_wconf 69' lang='lat' dir='ltr'><strong>illd</strong></span> <span class='ocrx_word' id='word_1_421' title='bbox 290 3584 697 3718; x_wconf 54' lang='lat' dir='ltr'><strong>{l‘i‘i‘l&#39;lll&#39;l‘il‘lbffl’dl</strong></span> <span class='ocrx_word' id='word_1_422' title='bbox 749 3590 880 3708; x_wconf 60' lang='lat' dir='ltr'><strong>tillir</strong></span> <span class='ocrx_word' id='word_1_423' title='bbox 897 3593 1051 3711; x_wconf 51' lang='lat' dir='ltr'><strong>di⁰s⁸l⁰⁵l⁰P</strong></span> <span class='ocrx_word' id='word_1_424' title='bbox 1066 3609 1112 3644; x_wconf 75' lang='lat'>‘¹¹¹⁵</span> <span class='ocrx_word' id='word_1_425' title='bbox 1130 3595 1181 3712; x_wconf 71' lang='lat'><strong>‘¹3⁰</strong></span> <span class='ocrx_word' id='word_1_426' title='bbox 1194 3595 1256 3644; x_wconf 46' lang='grc' dir='ltr'><strong>ω’</strong></span> 
     </span>
    </p>

    <p class='ocr_par' dir='ltr' id='par_1_8' title="bbox 194 3675 1257 3860">
     <span class='ocr_line' id='line_1_45' title="bbox 448 3676 1257 3713; baseline 0.006 -5"><span class='ocrx_word' id='word_1_427' title='bbox 448 3677 491 3709; x_wconf 82' lang='lat' dir='ltr'><strong>‚n</strong></span> <span class='ocrx_word' id='word_1_428' title='bbox 568 3676 696 3710; x_wconf 87' lang='lat' dir='ltr'><strong>..s.</strong></span> <span class='ocrx_word' id='word_1_429' title='bbox 882 3676 1257 3713; x_wconf 85' lang='lat' dir='ltr'><strong>enowruueuerer·</strong></span> 
     </span>
     <span class='ocr_line' id='line_1_46' title="bbox 195 3675 1256 3796; baseline 0.01 -29"><span class='ocrx_word' id='word_1_430' title='bbox 195 3719 267 3781; x_wconf 84' lang='lat' dir='ltr'><strong>5iu.;</strong></span> <span class='ocrx_word' id='word_1_431' title='bbox 280 3723 416 3775; x_wconf 74' lang='lat' dir='ltr'><strong>cohaerere</strong></span> <span class='ocrx_word' id='word_1_432' title='bbox 424 3727 485 3776; x_wconf 89' lang='lat' dir='ltr'><strong>aber</strong></span> <span class='ocrx_word' id='word_1_433' title='bbox 494 3675 599 3777; x_wconf 71' lang='lat' dir='ltr'><strong>bralllot</strong></span> <span class='ocrx_word' id='word_1_434' title='bbox 608 3676 696 3778; x_wconf 70' lang='lat' dir='ltr'><strong>llieero</strong></span> <span class='ocrx_word' id='word_1_435' title='bbox 751 3675 906 3778; x_wconf 65' lang='lat' dir='ltr'><strong>sebdtmrleu</strong></span> <span class='ocrx_word' id='word_1_436' title='bbox 920 3728 991 3779; x_wconf 78' lang='lat' dir='ltr'><strong>Lab:</strong></span> <span class='ocrx_word' id='word_1_437' title='bbox 1009 3678 1064 3780; x_wconf 63' lang='lat' dir='ltr'><strong>wi‘ru</strong></span> <span class='ocrx_word' id='word_1_438' title='bbox 1075 3677 1165 3796; x_wconf 54' lang='lat' dir='ltr'><strong>ligoram</strong></span> <span class='ocrx_word' id='word_1_439' title='bbox 1183 3746 1256 3780; x_wconf 81' lang='lat' dir='ltr'><strong>wem</strong></span> 
     </span>
     <span class='ocr_line' id='line_1_47' title="bbox 194 3787 1257 3860; baseline 0.008 -23"><span class='ocrx_word' id='word_1_440' title='bbox 194 3788 256 3837; x_wconf 88' lang='lat' dir='ltr'><strong>aueb</strong></span> <span class='ocrx_word' id='word_1_441' title='bbox 268 3787 400 3838; x_wconf 87' lang='lat' dir='ltr'><strong>anderswo</strong></span> <span class='ocrx_word' id='word_1_442' title='bbox 413 3807 461 3840; x_wconf 87' lang='lat' dir='ltr'><strong>von</strong></span> <span class='ocrx_word' id='word_1_443' title='bbox 473 3794 520 3842; x_wconf 91' lang='lat' dir='ltr'><strong>der</strong></span> <span class='ocrx_word' id='word_1_444' title='bbox 534 3796 696 3856; x_wconf 85' lang='lat' dir='ltr'><strong>organiseben</strong></span> <span class='ocrx_word' id='word_1_445' title='bbox 750 3793 795 3842; x_wconf 89' lang='lat' dir='ltr'><strong>dus</strong></span> <span class='ocrx_word' id='word_1_446' title='bbox 817 3793 869 3843; x_wconf 92' lang='lat' dir='ltr'><strong>0br</strong></span> <span class='ocrx_word' id='word_1_447' title='bbox 889 3795 958 3846; x_wconf 85' lang='lat' dir='ltr'><strong>diese</strong></span> <span class='ocrx_word' id='word_1_448' title='bbox 977 3796 1180 3860; x_wconf 83' lang='lat' dir='ltr'><strong>Sebwiogungeu</strong></span> <span class='ocrx_word' id='word_1_449' title='bbox 1202 3797 1257 3848; x_wconf 87' lang='lat' dir='ltr'><strong>anl-</strong></span> 
     </span>
    </p>
   </div>
   <div class='ocr_carea' id='block_1_6' title="bbox 194 3853 1259 3930">
    <p class='ocr_par' dir='ltr' id='par_1_9' title="bbox 194 3853 1259 3930">
     <span class='ocr_line' id='line_1_48' title="bbox 194 3853 1259 3930; baseline 0.01 -24"><span class='ocrx_word' id='word_1_450' title='bbox 194 3853 399 3915; x_wconf 86' lang='lat' dir='ltr'><strong>Verbindungzu</strong></span> <span class='ocrx_word' id='word_1_451' title='bbox 412 3858 492 3906; x_wconf 76' lang='lat' dir='ltr'><strong>eidem</strong></span> <span class='ocrx_word' id='word_1_452' title='bbox 505 3858 615 3909; x_wconf 74' lang='lat' dir='ltr'><strong>(lenaeo.</strong></span> <span class='ocrx_word' id='word_1_453' title='bbox 637 3859 696 3922; x_wconf 80' lang='lat' dir='ltr'><strong>Vgl.</strong></span> <span class='ocrx_word' id='word_1_454' title='bbox 749 3857 829 3922; x_wconf 73' lang='lat' dir='ltr'><strong>ltingt.</strong></span> <span class='ocrx_word' id='word_1_455' title='bbox 862 3860 912 3912; x_wconf 79' lang='lat' dir='ltr'><strong>liae</strong></span> <span class='ocrx_word' id='word_1_456' title='bbox 936 3862 1017 3914; x_wconf 87' lang='lat' dir='ltr'><strong>Seben</strong></span> <span class='ocrx_word' id='word_1_457' title='bbox 1042 3863 1148 3930; x_wconf 86' lang='lat' dir='ltr'><strong>erlolgt,</strong></span> <span class='ocrx_word' id='word_1_458' title='bbox 1175 3867 1259 3917; x_wconf 85' lang='lat' dir='ltr'><strong>iudom</strong></span> 
     </span>
    </p>
   </div>
   <div class='ocr_carea' id='block_1_7' title="bbox 0 0 1324 4326">
    <p class='ocr_par' dir='ltr' id='par_1_10' title="bbox 0 0 1324 4326">
     <span class='ocr_line' id='line_1_49' title="bbox 0 0 1324 4326; baseline 0 0"><span class='ocrx_word' id='word_1_459' title='bbox 0 0 1324 4326; x_wconf 95' lang='lat' dir='ltr'><strong> </strong></span> 
     </span>
    </p>
   </div>
   <div class='ocr_carea' id='block_1_8' title="bbox 134 4160 447 4298">
    <p class='ocr_par' dir='ltr' id='par_1_11' title="bbox 134 4160 447 4298">
     <span class='ocr_line' id='line_1_50' title="bbox 134 4160 447 4298; baseline 0 0"><span class='ocrx_word' id='word_1_460' title='bbox 134 4160 447 4298; x_wconf 52' lang='lat' dir='ltr'><strong>A</strong></span> 
     </span>
    </p>
   </div>
  </div>
 </body>
</html>
