2612 4328
100 933 148 986 109

169 263 229 324 156
451 265 455 276 r
514 255 558 305 nn
576 252 714 305 narona
732 251 870 304 nnoanu

210 415 352 491 ohiupeus
367 411 480 491 defesso
493 408 572 470 velot
584 409 741 468 moerentis
754 409 851 485 theopo

210 501 343 566 oerh'tur,

169 601 257 662 quam
273 581 390 660 quidem
406 577 506 639 Graeci

210 667 378 744 Euqouosio
392 667 527 730 oocitout,
543 661 664 740 peuihus
679 663 748 739 quio
762 661 837 734 uico
851 661 977 737 serdus.

211 749 267 812 Hic
281 750 335 810 illo
350 752 456 810 eminio
468 750 565 827 pou'to
579 756 622 807 est
634 744 752 826 fulpore
767 742 892 805 Corouo.

167 836 261 915 Atque
280 836 353 895 haee
373 833 491 914 quidem
510 850 526 892 a
546 839 641 910 tergo:
663 836 786 909 propter
801 835 889 907 caput
904 833 1000 888 autem
1015 824 1229 906 Anguitenens:

212 938 296 1000 quem
311 919 392 979 clero
403 915 558 997 perhibent
572 913 754 995 Ophiuchum
767 916 883 974 uomiue
899 911 990 973 Groui.

211 1003 267 1065 Hic
278 1022 384 1083 pressu
400 1001 511 1081 duplici
520 999 692 1079 polonorum
707 1001 832 1060 contiuet
845 1015 977 1076 oropum,

213 1100 296 1167 utque
311 1092 372 1147 eius
386 1090 446 1165 ipse
460 1095 558 1144 mouet
571 1084 712 1162 relipotus
727 1100 849 1163 corpore
865 1092 954 1143 torto:

162 1160 167 1178 ⁸
211 1190 337 1250 uoooque
351 1173 450 1230 oiruuo
464 1170 591 1229 oucdiuoc
605 1186 723 1247 serpeus
737 1169 789 1229 suh
802 1177 924 1247 pectora
939 1169 1033 1245 ciuqit.
1074 1157 1078 1164 ’

211 1255 265 1316 ille
280 1266 376 1315 tooueu
390 1257 484 1315 uitens
497 1257 629 1332 praviter
643 1256 762 1331 oesdqio
773 1256 866 1332 pouit,

214 1349 297 1419 utque
315 1338 413 1399 oculos
426 1347 511 1416 urqet
521 1337 643 1417 pedihus
654 1346 810 1417 pectusque
824 1336 927 1416 Nepot.

171 1424 291 1502 Septem
307 1429 404 1483 autem
419 1423 530 1482 triones
547 1422 679 1502 sequitur

212 1507 421 1587 Arctophylax,
437 1506 524 1586 oulqo
541 1512 591 1587 qut
605 1509 713 1567 dicitur
728 1524 787 1566 esse
802 1505 912 1574 Bootes,
1022 1537 1026 1546 ·

194 1594 290 1674 «quod
304 1597 388 1672 quosi
401 1602 510 1653 temone
526 1593 693 1653 odiuuctom
701 1609 777 1670 proe
792 1609 820 1650 so
836 1593 927 1670 quotit
940 1587 1068 1649 Arctum.

102 1689 151 1740 tto
172 1677 244 1739 Dein
260 1697 334 1757 quae
350 1685 526 1756 sequuntur:
543 1677 612 1737 huic
627 1676 704 1736 enim
718 1675 805 1736 Booti

213 1797 255 1807 -
269 1762 367 1824 subter
379 1762 558 1841 praecordio
572 1761 638 1840 fico
652 1761 767 1821 oidetur

214 1846 297 1909 stello
312 1851 424 1907 ouicous
438 1848 540 1916 radiis,
557 1847 701 1906 Arcturus
714 1846 831 1904 uomiue
849 1843 940 1912 eloco,

172 1931 254 1992 euius
274 1931 425 2009 [pedibus]
444 1930 574 1991 subiecta
589 1931 679 1989 fertur

215 2019 326 2095 spicum
339 2015 452 2075 illustre
467 2026 564 2075 teneus
578 2013 738 2093 splendenti
752 2030 873 2092 corpore
893 2009 988 2090 Virpo.

113 2101 154 2162 48
171 2099 267 2180 Atque
281 2099 320 2158 ila
335 2100 480 2159 demetata
494 2099 577 2176 signa
592 2105 669 2170 sunt,
685 2105 718 2158 ut
732 2097 762 2157 in
776 2097 864 2157 tantis
880 2093 1128 2175 descriptionibus
1140 2081 1229 2156 diuina

173 2182 300 2245 sollertia
315 2189 460 2260 appareat.
731 2235 733 2239 ,
755 2231 757 2236 .

214 2266 251 2326 Et
265 2275 349 2326 octos
364 2263 498 2326 Geminos
511 2269 617 2325 o'uoiscs
632 2266 684 2326 suh
702 2275 787 2344 copul
802 2267 891 2326 Arcti.

214 2349 365 2411 Subiectus
378 2351 488 2434 mediae
504 2360 545 2411 est
559 2369 679 2420 coucer,
692 2350 869 2429 pedibusque
884 2359 996 2409 leuetur
1105 2383 1113 2402 ·

172 2521 196 2580 Α
214 2435 332 2532 uoqotu’
348 2434 416 2508 Leo,
433 2435 588 2496 tremulum
603 2437 733 2514 quotiens
748 2454 762 2495 e
778 2441 900 2514 corpote
914 2435 1074 2510 dommum.
1181 2452 1187 2462 ¹

196 2538 325 2666 ungasuh
342 2604 426 2666 loeoo
443 2603 630 2666 Geminorum
646 2604 784 2665 obductus
795 2613 881 2682 porte
895 2605 1017 2682 feretur.

206 2736 367 2802 Engonasin:
378 2735 408 2788 lv
417 2731 543 2804 γόνασιν,
553 2738 593 2786 ein
603 2736 677 2785 knie—
731 2736 849 2785 deuteten
866 2735 928 2784 abor
939 2735 1038 2784 endere.
1063 2734 1089 2784 S.
1103 2734 1195 2801 Hygia.
1207 2734 1232 2784 P.

173 2805 262 2868 ander,
280 2804 443 2854 bewaffneter
455 2803 542 2870 Manu,
560 2806 617 2870 bapt
632 2819 677 2853 ne·
730 2801 831 2866 asinii,
848 2803 886 2852 14.
896 2830 930 2839 —
939 2803 990 2852 Das
1003 2805 1059 2852 eius
1071 2817 1095 2852 v.
1106 2801 1121 2851 3
1135 2803 1170 2852 ist
1182 2803 1232 2851 ein-

173 2871 221 2920 ben
234 2872 289 2921 dena
300 2871 369 2935 liopl
384 2873 428 2921 des
441 2871 581 2921 Drachens:
601 2873 678 2921 daher
732 2870 815 2936 sylbig
821 2886 852 2919 an
863 2871 942 2934 lesen,
948 2871 997 2920 wie
1003 2873 1158 2920 ecciusunten
1165 2885 1187 2920 e.
1194 2870 1232 2933 44,

172 2937 201 2987 id
216 2942 294 3003 eaput
309 2942 448 3002 attingens.
478 2937 677 3002 Declinieeada
734 2936 1232 3006 112.—Nepci‘v.b‚‚desSoorpions“.

172 3003 677 3068 Lat.cuehlngeoieulusgenaant‚ward
768 3005 823 3054 110.
847 3003 952 3073 Spicum
978 3021 1034 3068 gen.
1060 3012 1157 3069 centn,
1187 3005 1233 3054 wie

173 3086 222 3120 von
233 3067 342 3132 Einigen
355 3071 400 3120 aui
410 3072 545 3135 Hercules,
561 3089 610 3122 von
623 3073 678 3121 An·
731 3073 813 3122 Varro
831 3088 870 3138 ep.
884 3073 948 3124 Non.
965 3089 988 3138 p.
1003 3071 1052 3122 225
1070 3071 1163 3123 Mera:
1186 3071 1234 3124 Ne-

173 3139 235 3188 dern
246 3135 292 3186 anf
301 3135 423 3201 Theseus,
438 3154 487 3188 von
500 3139 600 3189 Andern
613 3141 675 3189 noch
730 3157 778 3206 quo
788 3143 814 3190 iu
827 3144 893 3192 hono
909 3145 997 3206 segete
1012 3141 1111 3191 nullum
1127 3144 1168 3190 est
1184 3142 1233 3209 spi-

172 3206 400 3268 endersgedeutet.
419 3204 637 3256 S.VosszuArat.
649 3223 674 3256 v.
730 3223 787 3258 cum
807 3225 928 3274 nequeam,
949 3212 1076 3274 usquein
1096 3208 1167 3258 mala
1186 3224 1234 3258 uon

173 3272 213 3324 63.
227 3301 256 3309 -
273 3272 318 3323 nie
331 3273 412 3336 gleieb
424 3275 533 3324 nnehber
545 3275 674 3324 erwihnte
729 3276 832 3342 aliquod
840 3279 940 3327 bouum.
957 3275 1015 3338 Vgl.
1023 3275 1049 3326 C.
1060 3277 1091 3325 de
1101 3275 1203 3326 Seneet.
1214 3292 1234 3324 o.

174 3341 273 3394 Corona
284 3341 398 3392 erkl'irte
418 3357 473 3391 mon
496 3341 537 3392 fiir
555 3343 602 3391 den
619 3357 676 3392 voni
732 3344 772 3407 15,
785 3344 829 3393 51:
835 3345 1048 3410 suaditfrugeou
1059 3344 1233 3411 spici—Das

173 3411 298 3478 Dionysus
312 3426 342 3460 an
354 3411 400 3460 den
411 3410 516 3460 Himmel
530 3417 676 3461 versetzten
731 3413 756 3460 in
768 3412 815 3461 den
826 3412 931 3462 Hdsohr.
944 3410 1116 3476 ausgefallone
1125 3411 1233 3479 pedihus

172 3477 256 3529 Krane
270 3481 315 3529 der
325 3479 444 3529 Ariadne.
469 3479 540 3530 Aret.
554 3494 577 3528 v.
592 3478 633 3527 tt.
730 3494 785 3529 war
797 3482 858 3530 nach
870 3479 942 3530 Aret.
955 3496 980 3530 v.
993 3479 1026 3529 96
1038 3479 1220 3529 berzustellen.

208 3547 264 3596 109.
294 3549 486 3614 Anguitenens,
518 3541 676 3616 Ὀφιοῦχος,
765 3537 818 3598 48.
846 3548 1004 3616 pedibusque
1027 3551 1140 3611 tenetur,
1167 3547 1191 3596 d.
1212 3547 1234 3594 h.

174 3613 537 3678 derScblacgeabolter‚
550 3617 675 3666 n'urnaeb
731 3615 895 3666 calcatur.—
907 3616 953 3665 nie
966 3615 1076 3667 tomulo
1079 3614 1193 3680 placatae
1203 3614 1234 3662 in

174 3679 221 3728 den
238 3695 291 3741 sog.
306 3682 543 3733 Eratosthenischen
556 3681 676 3734 liutesto-
730 3682 864 3746 folgenden
893 3684 975 3735 Verse
1009 3683 1158 3734 bezeichnet
1188 3683 1233 3732 don

173 3746 266 3794 rismen
287 3747 333 3796 der
352 3764 409 3797 vom
432 3751 530 3815 Jupiter
546 3752 598 3801 ‘mit
621 3752 676 3801 dem
731 3751 899 3801 tlimmernden
913 3751 1002 3802 Schein
1016 3752 1062 3801 der
1074 3749 1176 3801 Sterne.

174 3811 240 3860 nntz
257 3813 420 3875 ersehlogeae
435 3819 485 3865 und
502 3819 565 3867 donn
583 3834 614 3868 aa
627 3820 674 3868 den
765 3818 889 3870 obductus
900 3841 935 3862 π·-
946 3820 1059 3868 obiectus
1072 3819 1134 3870 odor
1146 3820 1235 3868 choer-

174 3877 418 3930 iiimmelversetzte
427 3881 561 3948 Aesculap:
574 3885 675 3934 Andere
730 3901 784 3936 sees.
