2646 4334
432 235 433 244 '
460 255 552 308 msc
579 255 649 307 cir.
665 255 704 306 ta.
719 255 758 306 14.
982 252 987 263 “
1100 267 1140 329 53

80 415 177 491 sibus,
198 433 402 493 annorumque
420 412 641 481 mutationibus.
672 414 771 486 Quum
791 433 860 475 vero
875 415 996 478 Hesiodi
1015 418 1139 498 theogo·
1175 428 1215 500 ⁴3

78 501 157 562 niam
178 501 396 579 interpretatur,
415 499 490 560 tollit
508 498 630 560 omuino
651 499 772 560 usitatas
790 509 1001 581 perceptasque
1016 505 1139 582 cogniti-

79 603 152 646 ones
180 587 313 646 (leorum.
358 583 459 663 Neque
478 584 556 644 enirn
571 583 670 645 lovem
690 601 784 664 neque
798 585 942 647 lunonem
967 606 1063 667 neque
1082 589 1139 650 Ve-

77 678 156 731 stam
175 689 271 750 neque
291 687 482 749 quempiam,
514 669 564 748 qui
583 669 623 730 ita
649 671 823 749 appellatur,
850 671 880 730 in
906 671 1026 732 deorum
1053 673 1140 734 habet

75 772 217 828 numero,
235 754 286 816 sed
300 755 387 815 rebus
402 754 540 815 inanimis
556 760 641 832 atque
656 755 746 814 mulis
761 773 817 832 per
831 757 977 834 quandam
993 756 1139 834 significa·
1166 771 1169 780 ·

74 841 190 900 tionem
217 841 288 900 hacc
311 840 395 900 docet
417 839 525 900 tributa
550 839 679 900 nomina.
715 838 804 900 Cuius
833 839 968 918 discipuli
993 841 1138 902 Aristonis
1160 852 1191 904 37

73 943 141 984 non
157 925 255 984 minus
270 942 377 1004 magno
394 924 424 985 in
439 943 541 985 errore
556 925 697 985 sententia
713 932 772 985 est:
788 925 838 1004 qui
849 941 944 1003 neque
956 926 1081 986 formam
1094 927 1140 987 dci

71 1008 200 1086 intelligi
214 1026 303 1087 posse
319 1017 448 1083 censeat,
464 1029 558 1090 neque
573 1011 604 1070 in
619 1009 675 1070 diis
692 1027 813 1070 sensum
829 1029 895 1070 csse
910 1008 994 1083 dicat,
1010 1009 1139 1070 dubitet-

73 1112 137 1173 que
157 1094 290 1168 omnino,
311 1096 383 1156 deus
399 1095 532 1156 animans
549 1113 639 1156 necne
653 1096 700 1156 sit.
732 1095 883 1156 Cleanthes
898 1101 1005 1167 antem,
1022 1095 1070 1174 qui
1086 1095 1139 1156 Ze-

72 1195 189 1238 nonem
205 1179 311 1241 audivit
325 1199 383 1242 uua
400 1199 467 1240 cum
483 1200 527 1250 eo,
543 1199 630 1260 quem
645 1180 779 1261 proxime
790 1179 949 1252 nominavi,
966 1188 1028 1240 tum
1040 1181 1140 1258 ipsum

71 1263 224 1324 muudum
239 1265 327 1324 deum
342 1265 412 1325 dicit
427 1283 500 1337 esse,
516 1274 580 1325 tum
595 1265 685 1326 totius
700 1272 821 1326 naturae
836 1264 928 1325 menti
943 1275 1028 1345 atque
1040 1264 1138 1326 animo

71 1348 181 1408 tribuit
200 1349 258 1408 hcc
278 1366 403 1420 nomen,
424 1357 488 1408 tum
506 1350 642 1410 ultimum
662 1358 690 1410 et
709 1350 883 1411 altissimum
909 1357 993 1428 atque
1011 1350 1141 1428 undique
1219 1341 1222 1346 ’

74 1433 293 1494 circumfusum
314 1439 343 1490 et
363 1440 524 1492 extremum
545 1435 643 1495 omnia
664 1438 829 1512 cingentem
849 1441 935 1512 atque
954 1435 1141 1513 complexum
1217 1422 1232 1432 ”

72 1518 227 1587 ardorem,
239 1516 288 1594 qui
301 1516 400 1575 aether
411 1516 586 1589 nominetur,
600 1519 796 1578 certissimum
809 1519 895 1578 deum
908 1518 1023 1579 iudicat.
1043 1519 1141 1579 Idem-

75 1621 146 1680 que,
162 1600 248 1678 qnasi
264 1600 400 1672 delirans,
415 1599 446 1659 in
461 1599 496 1659 iis
512 1600 602 1673 libris,
620 1620 695 1679 quos
710 1603 828 1680 scripsit
844 1609 944 1662 contra
955 1603 1142 1680 voluptatem,

74 1695 144 1748 turn
164 1685 248 1762 lingit
267 1686 394 1748 formam
417 1684 563 1762 quandam
583 1692 612 1744 et
626 1679 755 1762 speciem
772 1687 909 1758 deorum,
928 1693 992 1744 tum
1008 1685 1141 1745 divinita-

74 1780 139 1831 tem
156 1787 276 1829 omnem
291 1769 393 1828 tribuit
408 1767 503 1840 astris
519 1775 582 1828 tum
597 1769 668 1828 uihil
684 1768 797 1829 ratione
813 1776 910 1828 censet
925 1787 989 1828 esse
1005 1769 1140 1828 divinius.

75 1857 119 1915 lta
142 1855 188 1927 tit,
208 1862 241 1914 ut
261 1853 334 1913 deus
354 1853 414 1925 ille,
439 1871 526 1930 quem
548 1861 645 1914 mente
664 1853 816 1913 noscimus
837 1861 921 1930 atque
937 1852 966 1912 in
982 1853 1071 1913 chinni
1086 1872 1142 1914 no·
1173 1895 1177 1902 -

76 1941 160 2000 tione
180 1945 331 2017 tamqnam
347 1937 377 1996 in
392 1937 514 2015 vestigio
531 1938 665 1998 volumus
681 1956 837 2016 reponere,
855 1956 1001 2016 nusquam
1018 1957 1143 2016 prorsus

77 2072 584 2139 legorischellrkliirungendermytholc-
674 2076 719 2122 tot.
735 2077 846 2128 acturae
861 2078 942 2125 maenti
956 2079 1032 2141 atque
1047 2076 1141 2138 mimo,

78 2144 182 2206 gischen
192 2140 285 2190 Gh'ttcr
294 2139 484 2203 Vernulassnng
496 2140 584 2202 gahen.
640 2142 663 2188 d.
678 2141 701 2190 h.
714 2141 760 2190 tier
770 2139 920 2192 Weltscclc.
945 2143 1004 2192 Dies
1014 2141 1072 2192 ieillt
1081 2142 1143 2192 aher

113 2208 219 2260 Hesiodi
242 2209 326 2273 theog.
347 2211 454 2275 interpr.
487 2205 585 2258 Gewiss

79 2277 181 2328 schrieh
191 2275 220 2325 Z.
233 2276 322 2326 lcinen
336 2276 501 2339 eigcntlichen
513 2273 585 2324 Com-

79 2352 180 2396 mentar
191 2344 254 2393 iiber
266 2345 306 2393 die
319 2342 379 2406 Th,
394 2344 500 2392 sondern
513 2344 585 2393 nahm

80 2430 130 2464 nur
147 2413 172 2462 in
185 2411 476 2476 naturphilosophischcn
491 2409 586 2460 Schrif-

82 2490 138 2544 ten,
156 2481 204 2529 wis
218 2480 282 2548 περὶ
295 2474 347 2528 κόσ
371 2495 416 2540 ου,
431 2479 514 2541 Bezug
526 2480 586 2528 dur-

84 2549 140 2613 aul',
156 2549 206 2596 uml
220 2547 331 2596 erlliirte
360 2547 382 2596 ic
394 2547 587 2610 theogonischcn

29 2670 32 2680 ,
81 2616 178 2667 Fabeln
191 2615 285 2665 scirem
296 2614 332 2681 Sy
347 2621 397 2664 tem
410 2615 509 2677 gemiiss
521 2614 585 2663 alle-

82 2684 195 2749 gorisch‚
211 2699 290 2750 perq
360 2681 585 2746 amsigaa'ficatio-

81 2768 148 2814 amn,
161 2751 211 2800 wic
224 2765 252 2800 es
264 2751 441 2801 ontemhcisst.

117 2823 228 2871 usitatas
246 2818 438 2886 parceplarqae.
467 2815 493 2864 S.
512 2831 544 2862 zu
556 2813 585 2880 ll,

84 2887 124 2952 36,
137 2887 180 2936 91.
192 2915 222 2922 —
240 2887 403 2952 Cogniticncr
413 2907 448 2927 =
458 2884 585 2946 bubones,

82 2957 131 3005 wie
143 2961 220 3004 nnten
233 2971 255 3004 c.
270 2955 309 3018 17,
323 2948 364 3004 tt.

117 3023 159 3073 37.
177 3023 320 3074 Aristonis.
352 3017 446 3084 lllieser
465 3033 520 3068 war
540 3032 585 3067 aus

84 3092 172 3141 Chios:
197 3090 265 3139 nicht
289 3105 321 3138 zu
344 3087 518 3138 verwechaeln
542 3085 587 3135 mit

84 3161 138 3209 dem
172 3158 370 3222 gleichoamigco
401 3154 587 3220 Peripatetilrer

83 3242 129 3276 uus
139 3225 214 3276 Ceos.
237 3225 293 3276 Vcn
303 3225 389 3274 seineu
400 3221 585 3287 naturphilcso-

84 3296 200 3360 phischcn
217 3294 266 3342 und
279 3292 466 3355 theologischen
479 3289 586 3338 Aosich-

84 3369 126 3412 ten
136 3362 201 3411 wird
214 3362 346 3410 anderswo
360 3360 441 3409 nichts
454 3358 586 3423 uertentes,

83 3443 226 3492 weswegec
239 3429 288 3477 wir
304 3428 373 3477 nicht
384 3426 508 3476 urtheilen
524 3426 586 3474 tsn-

85 3515 145 3560 nen,
165 3498 197 3547 ob
216 3496 256 3546 die
268 3495 456 3560 gegenwiirtige
471 3493 587 3544 Relaticn

84 3574 174 3630 getreu
188 3564 234 3614 sei.

119 3633 271 3696 clamites,
287 3645 333 3681 aus
349 3631 430 3680 Assus
447 3630 470 3678 in
484 3629 587 3696 hymen,

86 3699 338 3762 Zeno’sNachlclger
346 3698 451 3749 cuidem
458 3697 589 3747 Stoischen

84 3769 246 3821 Lehrstuhle.

116 3841 204 3906 iprum
214 3835 346 3887 mundum.
365 3835 425 3885 Dies
435 3836 504 3884 holte
515 3833 590 3882 schon

85 3907 155 3956 Zeno
168 3906 270 3970 gethan.
296 3905 321 3954 S.
333 3903 364 3970 ll,
377 3903 401 3970 8,
415 3903 455 3952 21.

639 2208 685 2258 mit
705 2209 760 2257 dem
782 2209 878 2273 Obigen
900 2225 1055 2271 zusammen3
1077 2211 1141 2259 dcun

639 2291 687 2325 our
699 2277 807 2336 weilsie
820 2293 871 2328 von
883 2279 928 2328 der
942 2277 1084 2329 Weltscelc
1100 2293 1141 2326 er·

639 2341 700 2394 l'rillt
716 2346 766 2394 und
778 2345 864 2395 beleht
877 2346 921 2411 ist,
933 2347 1013 2396 heisst
1026 2345 1088 2394 auch
1101 2344 1140 2394 die

639 2411 713 2462 Wclt
730 2411 799 2462 Gott.
824 2413 882 2476 Vgl.
900 2413 982 2463 Varro
999 2415 1039 2463 bei
1055 2411 1141 2473 Augu-

640 2480 699 2528 stin.
718 2481 749 2528 de
766 2479 792 2529 C.
810 2480 839 2528 lt.
857 2479 910 2542 Vll,
923 2480 951 2528 6:
968 2481 1041 2530 Hunc
1056 2481 1143 2544 iprum

639 2545 764 2596 mundum
782 2563 839 2596 erae
852 2547 941 2596 deum:
957 2547 1004 2596 aad
1019 2543 1143 2595 sicutbo-

640 2616 736 2662 miaam
747 2618 893 2680 sapientem,
907 2629 985 2676 quum
996 2615 1033 2662 sit
1044 2627 1079 2659 eac
1088 2625 1144 2659 cor·

638 2695 703 2748 pore
715 2684 741 2728 et
752 2683 847 2741 animo,
861 2684 944 2728 tamma
958 2681 990 2728 ab
1002 2681 1086 2728 mimo
1095 2675 1145 2726 dici

641 2749 795 2814 sapientem,
812 2750 850 2795 ita
864 2744 989 2796 muudum
1006 2745 1081 2794 deum
1094 2742 1145 2792 alico⁸

640 2817 671 2864 ab
690 2816 787 2876 animo,
809 2829 888 2878 quum
908 2817 944 2862 sit
963 2830 997 2863 eo·
1017 2813 1104 2862 maimo
1118 2815 1144 2861 et
1216 2847 1218 2850 -

639 2896 794 3000 coauppippplm
811 2978 845 2986 -—
861 2949 989 3000 ardorum,
1013 2925 1143 3006 llbect'olls

640 3019 685 3068 mit
705 3019 759 3067 (lem
780 3017 875 3080 0higeo
898 3016 1142 3068 zusammenl'allend.

640 3086 710 3136 Denn
732 3085 778 3134 der
798 3083 895 3150 leurige
912 3085 1009 3136 Aether
1030 3085 1063 3134 ist
1080 3084 1143 3134 eben

641 3153 681 3203 uie
693 3152 841 3219 Weltscele,
854 3155 950 3203 welche
963 3155 1006 3203 das
1016 3152 1058 3201 All
1069 3151 1143 3201 theils

641 3219 747 3271 umlass't
759 3221 834 3270 theils
846 3222 1018 3284 (lurchdringt.

674 3291 701 3339 in
719 3286 808 3339 ‘areima'
828 3292 932 3339 erobore
954 3315 988 3322 -
1011 3301 1041 3335 aa
1059 3297 1142 3332 caera.

640 3356 739 3422 Epilur·
756 3359 828 3407 nahm
845 3357 917 3405 einen
935 3300 1059 3428 nathrlicll
1069 3361 1144 3409 gege-

642 3425 720 3474 bench
738 3423 842 3486 Regrill‘‚
860 3423 916 3470 cine
934 3434 987 3480 sog.
1001 3415 1145 3479 npolptpcc

642 3494 688 3542 der
704 3491 818 3542 Gottheit
834 3504 864 3538 an
885 3489 917 3549 (s.
936 3502 958 3534 c.
973 3482 1012 3545 16,
1026 3480 1084 3544 illl:
1104 3480 1143 3528 ein

643 3559 718 3622 Gott,
743 3574 773 3608 an
793 3558 841 3605 den
859 3555 907 3603 wir
928 3551 1033 3615 glauben
1055 3545 1144 3612 silton,

643 3642 711 3677 muss
723 3626 747 3673 in
759 3624 845 3673 diesen
855 3619 951 3683 Begrill
959 3618 1143 3684 hincinpassen,

644 3695 693 3744 unci
711 3693 764 3742 dies
777 3691 811 3740 ist
822 3690 863 3739 die
875 3687 971 3750 Probe,
985 3685 1016 3735 ob
1029 3701 1058 3734 er
1069 3685 1146 3735 wirl-

643 3763 693 3812 lich
705 3760 746 3808 cin
759 3757 822 3808 Gott
835 3757 884 3819 sei3
898 3757 947 3806 wie
959 3756 1008 3805 wir
1020 3761 1094 3820 etwa,
1105 3767 1146 3802 um

645 3844 677 3878 zu
694 3826 833 3891 ermittcln,
851 3827 881 3875 ob
899 3826 938 3875 cio
955 3823 1022 3874 Fuss
1038 3823 1085 3870 der
1105 3822 1145 3885 ist,

644 3897 687 3947 sur
704 3895 752 3944 deu
765 3909 794 3944 cr
805 3893 963 3960 uusgegchen
975 3890 1052 3953 wirot,
1068 3889 1109 3937 ihu
1121 3887 1145 3935 in
