2612 4328
405 243 466 296 Llll.
476 243 518 342 ill.
545 245 616 298 CAP.
628 243 670 296 32.
683 245 725 296 33.
737 244 779 297 34.
791 244 832 296 35.
1086 247 1149 310 233

82 395 176 456 morti
190 393 354 456 illacrimari
368 397 449 458 soleo
464 397 617 459 Platonem
631 397 757 476 legens?
783 397 909 465 Videsne
923 398 1012 477 igitur
1026 399 1150 460 deorum

82 478 202 552 iudicio,
219 481 243 540 si
257 481 356 541 vident
369 499 418 541 res
433 483 586 557 humanas,
602 483 760 544 discrimen
775 501 838 543 esse
853 481 1021 545 sublatum?
1043 485 1149 563 llioge-
1168 489 1210 552 84

82 581 140 624 nes
161 565 279 643 quidem
300 566 424 645 Cynicus
449 567 544 627 dicere
569 568 680 628 solebat
699 566 869 644 Harpalum,
896 569 945 646 qui
964 569 1149 648 temporibus
1170 583 1202 634 83

81 649 140 710 illis
153 651 262 728 praedo
276 650 343 710 felix
354 650 522 725 habebatur,
539 660 640 713 contra
652 652 724 711 deos
736 651 940 712 testimonium
952 653 1057 728 dicere,
1070 654 1150 732 quod

83 734 116 794 in
131 733 177 793 illa
189 734 307 812 fortuna
318 741 379 795 tam
391 735 441 796 diu
451 735 567 797 viveret.
597 735 764 815 Dionysius,
780 736 816 796 de
828 754 889 814 quo
899 743 965 796 ante
977 737 1043 810 dixi,
1059 755 1151 816 quum

83 819 187 878 fanum
199 818 397 898 Proserpinae
407 819 509 881 Locris
521 821 712 900 expilavisset,
723 820 875 898 navigabat
881 820 1055 898 Syracusas:
1067 822 1151 900 isque

83 917 178 981 quum
194 903 408 988 secundissimo
423 912 510 965 rento
527 923 646 966 cursum
660 911 789 977 teneret,
805 905 915 977 ridens,
931 904 1087 978 Videtisne,
1104 905 1151 966 in-

84 986 162 1066 quit,
183 987 281 1060 amici,
301 1007 388 1066 quarn
408 989 486 1050 bona
502 1009 518 1050 a
534 990 588 1050 diis
606 988 823 1061 immortalibus
844 989 987 1066 navigatio
1004 989 1150 1066 sacrilegis

82 1068 193 1131 detur?
221 1071 312 1150 quue
330 1073 421 1132 homo
437 1081 539 1134 acutus
555 1093 646 1153 quum
661 1073 735 1134 bene
749 1074 892 1152 planeque
906 1074 1098 1153 percepisset,
1119 1073 1151 1134 in

83 1155 186 1216 eadem
203 1155 346 1217 sententia
361 1159 577 1235 perseverabat:
597 1159 646 1237 qui
662 1177 753 1237 quum
769 1158 804 1219 ad
819 1158 1059 1236 Peloponnesum
1075 1158 1151 1218 clas-

84 1257 150 1300 sem
165 1240 327 1318 appulisset
341 1249 370 1302 et
384 1241 415 1300 in
429 1243 529 1304 lanum
544 1244 673 1304 venisset
682 1242 761 1303 Iovis
773 1241 908 1322 Olympii,
925 1261 1046 1324 aureum
1061 1243 1087 1301 ei
1098 1243 1150 1302 de-

83 1323 174 1386 traxit
188 1325 344 1386 amiculum
359 1327 461 1404 grandi
476 1328 617 1407 pondere,
634 1347 692 1406 quo
708 1327 805 1387 lovem
823 1335 941 1388 ornarat
955 1347 991 1386 ex
1004 1326 1150 1388 manubiis

83 1408 370 1486 Karthaginiensium
390 1418 531 1488 tyrannus
548 1412 646 1472 Hiero.
676 1410 771 1489 Atque
791 1411 822 1470 in
841 1430 876 1470 eo
897 1412 984 1472 etiam
1004 1409 1150 1472 cavillatus

84 1503 145 1565 est,
161 1499 269 1554 aestate
283 1512 370 1571 grave
385 1511 450 1554 esse
465 1513 587 1555 aureum
603 1495 774 1564 amiculum,
789 1495 884 1553 hieme
899 1495 1052 1572 trigidum,
1069 1495 1152 1574 eique

84 1578 203 1638 laneum
217 1577 336 1656 pallium
348 1578 454 1652 iniecit,
471 1597 560 1657 quum
573 1579 602 1638 id
614 1597 680 1638 esse
692 1585 793 1656 aptum
805 1578 841 1638 ad
854 1595 942 1638 omne
953 1578 1021 1646 anni
1034 1584 1151 1656 tempus

85 1662 205 1722 diceret.
234 1662 373 1741 Idemque
388 1663 550 1741 Aesculapii
565 1662 704 1741 Epidauri
722 1662 842 1722 barbam
863 1679 979 1722 auream
995 1661 1073 1722 demi
1088 1661 1150 1722 ius-

85 1747 134 1806 sit.
164 1745 264 1825 Neque
280 1747 359 1807 enim
371 1747 526 1808 convenire
541 1748 696 1808 barbatum
709 1765 774 1806 esse
789 1746 889 1820 filium,
906 1765 996 1824 quum
1008 1746 1040 1806 in
1051 1747 1149 1806 omni-

83 1832 141 1891 bus
157 1831 231 1890 fanis
247 1839 331 1909 pater
344 1831 485 1892 imberbis
500 1840 586 1893 esset.
616 1831 696 1893 Idem
708 1848 826 1891 mensas
839 1839 990 1908 argenteas
1003 1831 1039 1890 de
1051 1831 1148 1890 omni·
1171 1837 1204 1888 84

83 1916 142 1976 bus
157 1914 287 1976 delubris
302 1917 389 1976 iussit
405 1917 520 1989 auferri,
536 1917 567 1977 in
582 1916 689 1995 quibus
702 1933 792 1995 quum
804 1934 888 1976 more
898 1915 1003 1975 veteris
1017 1913 1151 1976 Graeciae

84 1999 262 2078 inscriptum
278 2008 355 2060 esset
369 2019 514 2062 nouorum
533 2019 669 2075 naoxurr,
695 2000 737 2061 uti
758 2019 790 2060 se
810 2017 913 2060 eorum
933 1999 1062 2060 bonitate
1081 2000 1151 2060 velle

85 2083 209 2145 dicebat.
239 2083 320 2144 ldem
336 2084 508 2146 Victoriolas
524 2082 626 2146 aureas
642 2093 670 2145 et
684 2092 800 2163 pateras
816 2092 845 2144 et
860 2101 1004 2156 coronas,
1020 2102 1093 2162 quae
1109 2085 1150 2144 si·

85 2167 286 2228 mulacrorum
305 2170 448 2248 porrectis
468 2169 603 2230 manibus
626 2168 858 2241 sustinebantur,
886 2168 949 2229 sine
971 2169 1171 2246 dubitatione¹

85 2252 207 2313 tollebat
222 2271 312 2330 eaque
327 2271 359 2314 se
374 2255 521 2333 accipere,
537 2271 600 2314 non
615 2255 727 2315 auferre
743 2253 863 2314 dicebat.
893 2254 967 2314 Esse
982 2253 1060 2312 enim
1076 2253 1150 2313 stul-

79 2337 195 2416 titiam,
212 2355 228 2396 a
244 2337 349 2415 quibus
364 2337 441 2399 bona
456 2357 658 2417 precaremur,
673 2338 709 2398 ab
724 2338 759 2398 iis
776 2338 994 2417 porrigentibus
1010 2345 1038 2398 et
1053 2337 1150 2398 danti-

83 2423 142 2482 bus
157 2420 234 2481 nolle
250 2439 374 2484 sumere.
403 2424 595 2502 Eandemque
610 2425 708 2484 lerunt
721 2423 801 2494 baec,
816 2440 889 2500 quae
905 2422 973 2493 dixi,
989 2421 1099 2482 sublata
1114 2421 1151 2480 de

84 2506 162 2568 fanis
177 2505 208 2564 in
223 2506 319 2565 lorum
335 2507 494 2583 protulisse
510 2517 539 2567 et
553 2525 606 2585 per
619 2523 796 2586 praeconem
806 2505 980 2578 vendidisse,
995 2510 1151 2580 exactaque

84 2589 210 2670 pecunia
225 2589 359 2662 edixisse,
375 2598 416 2663 ut,
434 2591 512 2669 quod
530 2591 653 2670 quisque
667 2609 682 2650 a
698 2589 788 2650 sacris
804 2588 931 2662 haberet,
945 2589 975 2648 id
991 2587 1150 2648 antediem

85 2682 195 2736 certam
215 2673 352 2734 insnum
372 2675 500 2754 quidque
519 2676 620 2736 lanum
639 2674 768 2736 relerret.
802 2672 845 2734 lta
865 2673 900 2732 ad
920 2672 1098 2751 impietatem
1118 2671 1148 2730 in

84 2761 158 2820 deos
178 2759 209 2818 in
228 2758 365 2819 homines
385 2759 514 2821 adiunxit
534 2760 677 2820 iniuriam.
708 2757 793 2818 Hunc
816 2756 903 2834 igitur
922 2775 977 2817 nec
996 2755 1148 2835 Olympius
1166 2753 1208 2816 35

120 2915 173 2976 84.
187 2925 227 2974 83.
240 2925 388 2994 Harpalum.
407 2925 589 2990 Ciceromeint,
645 2927 721 2976 seben
732 2923 828 2990 Iupiter
843 2925 892 2988 gab
908 2939 936 2974 es
953 2926 1016 2974 auclr
1032 2939 1064 2974 au
1080 2939 1149 2974 man-

83 2994 134 3044 wie
156 3009 184 3042 es
209 2994 318 3058 seboint,
343 2995 390 3044 den
414 2995 589 3058 berilobtigten
645 2993 814 3044 cbeuandern
827 2992 919 3057 Orten,
935 2991 984 3042 wie
997 2992 1022 3042 in
1035 2991 1149 3058 Syrnos

83 3061 239 3125 Seeriinber,
267 3063 315 3111 deu
338 3061 439 3112 andare
464 3062 590 3112 Slrirtalos
645 3061 736 3124 selbst,
760 3061 842 3110 wobin
864 3059 1010 3112 Aelian.·V.
1029 3060 1059 3110 Η.
1075 3058 1098 3124 l,
1116 3059 1149 3110 20

84 3131 148 3180 oder
160 3128 291 3193 Slrirpelas
303 3145 413 3192 neuneu,
432 3132 481 3180 und
494 3131 518 3179 in
532 3129 590 3179 des·
645 3130 714 3179 diese
728 3127 877 3179 Gescbicbte
888 3128 997 3192 verlegt.

83 3195 370 3260 senlliiudeulliogenes
381 3199 588 3261 selbsteinstge-
679 3195 813 3265 Epidauri.
838 3198 908 3248 Aucb
927 3197 980 3247 dies
997 3196 1089 3245 berobt
1106 3195 1152 3244 aul

82 3279 170 3314 wesen
183 3278 245 3313 war.
646 3265 725 3314 ciuem
738 3264 858 3329 lrrtbum,
876 3264 985 3313 dadurob
997 3261 1148 3324 veranlesst,

118 3346 197 3399 qoem
214 3331 250 3381 ad
265 3331 469 3399 Peloponnesum
486 3334 515 3383 ol.
529 3349 588 3401 app.
644 3334 703 3383 dass
721 3333 767 3382 der
783 3331 961 3396 Epidaurisobe
979 3327 1082 3392 Tempel
1094 3325 1148 3376 lle-

83 3401 144 3450 Dies
157 3401 249 3449 berubt
261 3399 373 3449 alleabar
390 3401 435 3451 aul
444 3401 524 3450 einem
536 3400 589 3450 lrr-
644 3401 744 3465 sculaps
752 3401 798 3448 der
807 3397 1045 3446 beriibrntestewar.
1059 3393 1146 3443 Valer.

45 3504 48 3508 -
82 3470 167 3530 tbom3
189 3468 252 3516 deun
274 3483 324 3517 von
346 3467 416 3517 einer
436 3468 589 3534 Expedition
643 3468 713 3518 Max.
725 3466 746 3529 l,
762 3467 783 3528 1,
796 3463 819 3524 3,
832 3464 878 3511 der
889 3461 934 3509 mit
946 3460 1033 3510 Cicero
1047 3459 1146 3528 stimmt,

83 3538 128 3586 des
141 3535 280 3601 Dionysius
292 3535 354 3584 naclr
367 3537 422 3584 dem
429 3535 588 3601 Peloponnes
643 3536 678 3584 ist
689 3534 762 3592 keine
775 3527 931 3594 Auctoritiit,
949 3527 979 3578 da
997 3543 1026 3576 er
1042 3544 1090 3577 nur
1101 3543 1147 3578 aus

82 3604 162 3654 weiss
184 3603 225 3652 die
246 3601 394 3652 Gescbicbte
414 3603 503 3653 uiobts.
537 3603 590 3652 Der
644 3601 731 3651 Cicero
765 3595 896 3662 gesebdplt
923 3597 973 3646 bat.
1009 3595 1145 3662 Dionysius

82 3671 192 3722 lrrtbum
205 3671 241 3720 ist
252 3671 329 3720 durcb
341 3669 389 3719 den
399 3670 531 3720 Beinameu
545 3671 589 3720 des
642 3667 706 3718 wird
716 3666 764 3714 deu
774 3663 899 3729 Acsculap
909 3680 941 3713 zu
948 3663 1058 3730 syracus
1068 3664 1145 3714 eben·

83 3739 305 3806 Olympiscben
323 3736 417 3802 lupiter
437 3739 589 3799 veranlasst,
644 3750 672 3784 ao
686 3733 769 3782 seinos
779 3732 868 3782 Bartes
878 3732 984 3782 beraubt
995 3732 1083 3794 baben,
1095 3733 1145 3781 wie

83 3807 167 3874 wobei
189 3806 278 3856 Cicero
299 3821 331 3856 an
352 3804 468 3872 Olympia
488 3807 513 3854 in
534 3805 589 3854 Elis
643 3816 673 3851 er
696 3800 756 3866 ibn,
779 3801 841 3849 nach
858 3799 1003 3851 Athenaeus
1019 3799 1076 3866 XV,
1096 3798 1145 3848 693

82 3876 181 3954 dacbte.
206 3874 276 3924 Ater
292 3873 396 3940 Tempel
414 3873 459 3922 des
476 3872 589 3939 Olympi·
644 3868 730 3918 seiuen
742 3866 816 3918 Tiscb
829 3869 910 3919 nolim.
