2622 4326
501 253 560 306 Lm.
574 254 603 306 ll.
630 257 699 311 CAP.
714 260 736 310 1.

1046 235 1049 241 ’
1089 266 1148 328 roe

86 409 113 470 si
132 409 274 470 orationis
294 417 339 470 est
358 409 484 470 siccitas.
515 411 561 471 Tu
581 419 693 484 autem,
715 413 811 483 Cotta,
834 421 957 494 utraque
971 433 1004 476 re
1020 415 1147 478 valuisti:
1240 421 1242 428 '

85 512 200 556 corona
216 494 268 555 tihi
287 501 316 556 et
335 494 445 556 iudices
465 495 627 557 delirorum.
659 496 717 556 Sed
736 499 771 558 ad
791 497 847 558 ista
861 498 944 560 alias:
964 517 1045 560 nunc
1059 501 1146 562 Luci-

84 578 176 651 lium,
200 578 225 639 si
240 579 296 657 ipsi
312 579 503 640 commodum
518 589 576 653 est,
593 581 756 642 audiamus.
787 581 864 643 'lum
878 583 999 656 Balbus,
1015 585 1145 648 Eundem
1169 600 1183 648 2

82 663 352 742 equidemlmallcm
369 663 467 726 audire
482 663 606 734 Cottam,
623 666 702 738 dum,
720 684 776 744 qua
791 667 954 746 eloquentia
969 669 1058 730 lelsos
1075 671 1146 732 deos

83 747 219 820 sustulit,
241 749 342 810 eadem
356 767 441 809 veros
456 749 583 810 inducat.
613 751 666 810 Est
679 751 758 810 enim
773 758 802 811 ct
816 751 985 838 philosophi
1000 761 1028 813 et
1047 755 1147 832 ponti·

82 833 152 894 licis
167 842 197 893 et
211 831 311 894 Cottae
330 834 366 894 de
380 833 436 894 diis
456 833 672 895 immortalibus
689 835 795 895 habere
816 853 877 896 non
893 844 1039 898 errantem
1054 845 1084 898 et
1097 857 1147 900 va·

81 936 167 996 gam,
182 925 214 978 ut
226 918 396 992 Academici,
409 919 469 992 sed,
485 927 516 980 ut
527 919 632 993 nostri,
645 920 774 980 stabilem
788 929 953 1000 certamque
964 923 1153 993 sententiam,

83 1001 164 1069 Nam
182 1009 282 1063 contra
298 1003 457 1082 Epicurum
474 1004 543 1064 satis
560 1023 706 1084 superque
721 1005 831 1065 dictum
848 1014 901 1066 est.
932 1005 989 1066 Sed
1009 1025 1078 1067 aveo
1095 1025 1147 1067 au-

82 1087 166 1160 dire,
186 1095 218 1148 tu
232 1088 314 1166 ipse,
328 1088 423 1162 Cotta,
443 1089 512 1167 quid
529 1090 645 1151 sentias.
675 1092 736 1161 An,
757 1091 864 1169 iuquit,
887 1090 992 1151 oblitus
1013 1111 1058 1164 es,
1078 1091 1147 1170 quid

81 1170 172 1231 initio
188 1171 319 1245 dixerim,
336 1173 446 1240 facilius
461 1193 516 1242 me,
531 1175 635 1235 talibus
651 1175 821 1254 praesertim
839 1176 986 1248 derebus
1002 1175 1071 1256 quid
1086 1193 1147 1234 non
1211 1213 1214 1221 ι

73 1255 227 1316 sentirem
246 1277 334 1336 quam
354 1258 422 1336 quid
439 1259 594 1332 sentirem,
619 1279 708 1338 posse
726 1257 843 1320 dicere?
877 1260 990 1333 Quodsi
1009 1260 1145 1321 haberem
1168 1273 1182 1319 3

79 1340 211 1418 aliquid,
233 1343 310 1418 quod
332 1342 467 1420 liqueret,
488 1351 585 1403 tamen
606 1352 634 1403 te
654 1345 783 1405 vicissim
803 1345 903 1406 audire
923 1347 1035 1418 vellem,
1056 1363 1145 1424 quum

78 1425 152 1504 ipse
173 1432 233 1483 tam
254 1425 343 1484 multa
363 1425 510 1488 dixissem,
541 1427 751 1502 romanibus,
773 1428 878 1490 Geram
900 1429 954 1505 tihi
971 1449 1098 1503 morem,
1120 1436 1147 1489 et

14 1561 17 1566 .
80 1525 174 1586 agam
191 1525 277 1585 quarn
293 1508 467 1568 brevissime
487 1517 604 1586 potero;
625 1513 730 1572 etenim
747 1514 886 1574 convictis
901 1514 1022 1592 Epicuri·
1038 1513 1147 1574 errori—

79 1593 144 1654 bus
160 1593 246 1670 longe
263 1593 298 1652 de
313 1612 377 1653 mea
389 1587 584 1671 disputatione
600 1595 725 1656 detracta
740 1598 832 1656 oratio
848 1606 901 1656 est.
929 1597 1057 1657 Omnino
1073 1593 1147 1657 divi-

82 1679 163 1738 dunt
182 1677 276 1736 nostri
300 1685 392 1739 totam
413 1677 499 1738 istam
524 1679 559 1738 de
580 1678 634 1739 diis
659 1680 871 1740 immortalibus
892 1681 1093 1758 quaestionem
1118 1681 1147 1741 in

82 1769 186 1841 partes
203 1769 349 1840 quattuor.
380 1762 511 1822 Primum
529 1764 634 1824 docent
648 1783 714 1824 esse
730 1764 817 1836 deos,
832 1765 945 1834 deinde,
961 1765 1059 1843 quales
1076 1764 1148 1836 sint3

83 1857 161 1919 tum,
178 1846 321 1906 mundum
334 1847 369 1907 ab
380 1847 415 1907 iis
428 1848 638 1921 administrari3
653 1856 816 1926 postremo,
832 1849 985 1908 consulere
997 1867 1048 1908 eos
1060 1847 1147 1908 rebus

82 1931 233 1992 humanis.
261 1931 323 1991 Nos
339 1939 435 1992 autem
451 1932 509 1992 hoc
524 1951 668 2005 sermone,
684 1952 757 2012 quae
772 1933 871 2011 priora
884 1933 941 1993 duo
955 1941 1032 2005 sunt,
1048 1951 1147 1994 suma·

84 2033 171 2077 mus:
190 2015 307 2076 tertium
327 2025 355 2076 et
370 2025 517 2096 quartum,
538 2018 606 2096 quia
621 2017 731 2080 maiora
747 2026 827 2091 sunt,
848 2025 920 2098 puto
941 2037 1006 2078 esse
1025 2017 1056 2078 in
1071 2016 1147 2078 aliud

85 2203 160 2250 elium
184 2201 243 2250 Sion
268 2202 332 2250 wird
355 2203 398 2252 das
420 2201 498 2252 Wort
521 2203 590 2252 Brut.

85 2287 108 2318 r.
119 2267 161 2332 ld,
173 2267 221 2316 265
234 2284 290 2318 vom
300 2269 329 2318 L.
341 2269 484 2335 Torquatus
493 2277 590 2334 gesagt.

86 2337 168 2386 Sonst
177 2336 211 2386 ist
220 2336 308 2388 rhetor
318 2338 356 2386 ein
367 2338 464 2388 Lelrrcr
473 2339 519 2386 der
527 2337 592 2388 Rhe-

85 2403 165 2454 torik.
190 2403 247 2466 Vgl.
260 2403 323 2454 Plin.
337 2405 383 2470 Ep.
397 2405 437 2468 lV,
453 2405 496 2455 ll:
510 2421 539 2456 eo
549 2405 591 2456 de-

85 2471 156 2534 edit,
168 2475 200 2522 ut
209 2473 298 2522 rhetor
309 2473 340 2522 de
352 2477 456 2523 oratore
460 2474 548 2537 fieret.

121 2553 231 2602 corona,
245 2539 285 2588 ein
300 2540 592 2590 zahlreicherZuhdrer-

86 2606 170 2672 loreis,
183 2607 232 2655 wie
246 2621 274 2654 er
286 2606 324 2654 bei
337 2607 514 2668 gerichtlielren
527 2607 593 2658 Ver-

86 2675 247 2736 liandlungen
264 2675 471 2723 umlrerzustchen
493 2677 593 2738 pllegte.

86 2741 147 2804 Vgl.
164 2743 196 2790 ‹le
215 2739 289 2790 llinn.
302 2739 331 2803 ll,
345 2741 383 2804 22,
398 2740 442 2789 74:
461 2745 489 2790 at
506 2745 534 2791 tu
552 2757 594 2792 ea-

85 2810 146 2860 dem
158 2809 199 2858 die
210 2811 236 2858 in
248 2807 354 2870 iudicio,
368 2813 421 2872 out,
437 2811 461 2858 ei
471 2823 594 2858 eoronam

86 2881 173 2940 times,
185 2875 226 2926 dic
236 2877 264 2925 in
276 2881 377 2926 senatu.
391 2877 467 2925 'Brut
481 2875 520 2940 51,
533 2876 592 2926 192:

85 2947 113 2994 in
125 2947 163 2994 ete
172 2947 249 2994 etiam
260 2947 400 3008 carissiaco
410 2946 502 3010 quidus
512 2947 593 2994 ornaris

85 3026 132 3062 res
151 3014 226 3062 eoois
247 3027 305 3062 oum
324 3013 449 3062 iudicibus
470 3015 522 3073 est,
542 3029 593 3062 nou

87 3095 148 3130 oum
158 3079 261 3147 populo,
275 3084 368 3144 tomen,
380 3083 406 3130 εἰ
415 3096 433 3130 a
445 3095 540 3130 corono
552 3095 593 3130 re-

87 3148 165 3198 totus
177 3151 233 3210 etin,
246 3163 297 3198 non
309 3165 399 3214 queam
411 3148 502 3198 dicere.

84 3240 93 3246 -
122 3214 159 3266 ad
169 3216 222 3331 egla
233 3215 297 3266 aliae
310 3217 364 3266 scil.
378 3216 469 3266 dicam.
490 3215 548 3279 Vgl.
561 3231 593 3264 zu

88 3283 173 3348 1,8,1
194 3319 200 3332 .

124 3351 148 3400 2.
165 3349 275 3401 enallem.
297 3351 339 3412 So,
352 3351 594 3413 nichtmclim,weil

89 3421 136 3468 der
147 3417 264 3468 lledendc
277 3419 358 3468 selbst
368 3419 414 3468 nul
423 3420 470 3468 deu
481 3417 594 3470 Wunsclr

89 3485 322 3548 Verzichtleistct,
340 3487 371 3535 du
388 3502 416 3536 er
427 3488 516 3550 weiss,
535 3487 593 3536 dass

91 3553 166 3604 Cotto
189 3553 252 3603 doch
273 3554 421 3604 schwcrlielr
444 3555 469 3604 iu
492 3554 593 3620 acinam,

92 3623 136 3672 des
148 3620 296 3684 llcdenden,
314 3621 390 3671 Since
401 3622 465 3672 iiber
476 3622 516 3672 (lie
530 3621 594 3673 Got-

92 3696 134 3739 ter
144 3691 266 3754 spreelren
278 3691 373 3739 werde.
397 3689 462 3740 llass
478 3706 507 3740 er
519 3690 594 3739 noch-

90 3758 137 3806 lrcr
157 3757 221 3806 doeh
241 3773 304 3808 aeeo
325 3757 415 3808 audire
435 3764 504 3821 negt,
529 3757 595 3805 kann

91 3840 137 3874 nus
158 3823 228 3875 nieht
250 3827 301 3875 irre
325 3827 438 3877 macheu:
463 3827 527 3874 elenu
548 3822 596 3870 wir

92 3890 181 3942 diirlen
193 3893 286 3944 dacels
299 3894 355 3943 cine
364 3893 413 3944 Art
422 3909 470 3944 von
481 3889 596 3942 Zuriielr-

645 2203 1149 2265 nalnnederlriilrerenVcrziehtleistung

645 2273 764 2320 ausehen.
779 2271 970 2334 Ebensowenig‚
981 2272 1039 2320 (loss
1049 2271 1148 2321 dum-

644 2339 759 2401 inducot,
773 2340 840 2389 nicht
852 2339 914 2389 dum
922 2338 1096 2389 —inducerct
1106 2336 1151 2386 nui

645 2405 1148 2468 rnullmnlolgt:dcnndergleiehenkleine

645 2469 1149 2537 inconsequenzensindinderiorniliiren

646 2541 948 2606 Urrtcrlraltuugssprochc
957 2539 1024 2587 wohl
1032 2537 1149 2586 verzelli-

647 2609 704 2656 lich.
727 2607 785 2670 Vgl.
798 2609 828 2656 de
841 2607 914 2656 Finn.
928 2604 944 2668 l,
959 2605 982 2666 l,
996 2603 1041 2652 25:
1057 2606 1082 2652 ci
1091 2619 1150 2653 con-

648 2673 792 2738 cederetur,
813 2675 917 2723 etiamsi
930 2671 964 2721 ad
979 2686 1072 2738 eorpus
1088 2669 1152 2720 rriln'l

646 2742 791 2806 referatur,
804 2744 854 2790 icta
863 2754 911 2806 per
923 2755 951 2788 sc
964 2753 1020 2787 esee
1030 2737 1149 2788 iocunda.

647 2809 749 2858 Tuscul.
767 2806 785 2870 l,
804 2807 846 2869 25,
862 2807 906 2855 60:
928 2808 980 2856 sitio
997 2807 1151 2856 onenariae

646 2879 715 2941 ignis
728 2879 763 2925 rit
774 2877 885 2939 anninus,
895 2876 1012 2926 iurarem
1024 2890 1083 2924 curn
1095 2889 1151 2924 erec
1236 2877 1240 2884 ‘

647 2945 766 2995 ciminum.
793 2944 823 2992 de
837 2943 893 2992 lliv.
905 2941 935 3006 ll,
949 2942 987 3008 59,
1005 2941 1065 2991 122:
1083 2957 1116 2991 ne
1127 2944 1153 2992 εἰ

646 3015 771 3076 notdgare
789 3010 891 3077 chdcm
902 3010 985 3076 eelim,
1001 3013 1040 3060 ita
1053 3011 1151 3078 gaider-

646 3095 746 3146 aaron,
764 3083 795 3130 ut
808 3081 999 3130 somniaverim.
1025 3079 1089 3129 Plin.
1103 3079 1148 3144 llp.

647 3147 680 3210 X,
697 3147 755 3197 115:
773 3147 843 3213 Lege
857 3148 980 3216 Pompeia
992 3148 1151 3216 permissum

646 3215 1152 3282 Bithynimeeioitctidueadscriberen'bt

647 3299 710 3351 quoe
721 3284 811 3334 vellent
821 3288 896 3348 edoce,
910 3283 971 3334 dum
980 3282 1088 3330 naeuus
1099 3293 1150 3326 non

647 3355 700 3402 sint
710 3352 814 3402 atienae.

681 3419 704 3469 3.
723 3423 803 3470 istam
822 3445 856 3454 —
877 3416 1058 3480 quaestionem.
1089 3408 1149 3457 Dies

647 3475 1149 3541 Pronomenwolildcswegen'gebraucht,

647 3554 707 3604 weil
719 3555 765 3602 der
776 3548 935 3612 Angeredetc
948 3559 976 3594 es
991 3543 1035 3608 iet,
1052 3543 1098 3593 der
1110 3542 1150 3593 dio

648 3619 839 3676 Untersuelmng
856 3619 943 3662 zuerst
959 3618 1080 3676 ongcregt
1101 3611 1151 3662 und

648 3687 710 3736 euch
721 3681 932 3733 zuletztrloriiber
940 3681 1150 3747 gesproolreulrat.

649 3751 733 3804 Uelrer
741 3753 791 3800 iste
800 3750 823 3798 in
831 3749 888 3799 Bez.
898 3749 944 3799 aul
951 3749 990 3800 dic
1000 3749 1151 3814 anseredete

649 3819 745 3870 Person
758 3817 840 3881 vergl.
852 3816 1018 3882 lloisigVorl.
1032 3816 1058 3883 ξ.
1071 3817 1130 3866 209.

684 3900 827 3937 mamus.
837 3884 1102 3950 vonuegennureu,
1113 3881 1152 3933 dio
