2612 4328
182 245 242 308 176
529 241 573 292 ult
592 237 729 292 NATURA
747 235 886 290 nEORUM

179 397 278 476 ligitur
292 395 452 476 quamnim
467 393 571 456 habeat
588 396 633 472 [et]
652 393 744 475 qualis
761 393 806 468 sit,
822 411 878 474 qua
893 411 931 454 ne
945 393 1046 466 iudeo
1062 393 1187 474 quidem
1203 403 1250 455 est

179 500 228 542 res
243 480 301 541 ulla
316 480 517 559 praestantior.
550 480 664 554 Quanta
678 497 747 540 vero
762 479 808 540 illa
824 486 902 550 sunt,
919 497 993 558 quae
1007 496 1060 538 vos
1074 478 1248 540 Academici
1301 531 1302 544 ,

172 565 376 626 infirmatiset
394 564 507 640 tollitis,
528 563 607 644 quod
628 572 658 624 et
677 562 812 645 sensibus
833 572 860 624 et
879 564 978 630 animo
998 582 1044 637 ea,
1066 581 1141 644 quae
1162 573 1247 626 extra

114 666 161 718 148
183 657 260 723 sunt,
285 648 464 730 percipimus
490 657 575 728 atque
601 647 893 728 comprehendimus!
928 649 971 709 Ex
996 648 1102 728 quibus
1130 649 1246 710 collatis

179 734 256 796 inter
270 754 302 794 se
316 741 345 794 et
360 734 538 813 comparatis
554 743 632 796 artes
652 753 769 814 quoque
789 733 948 807 efficimus-3
967 733 1075 814 partim
1095 732 1133 794 ad
1153 753 1245 794 usum

102 885 107 910 η
179 818 266 892 vitae,
290 819 397 899 partim
422 819 457 878 ad
479 818 701 879 oblectationem
726 818 916 879 necessarias.
951 819 1012 879 lam
1030 837 1099 879 vero
1121 819 1246 880 domina

179 921 292 978 rerum,
311 912 343 965 ut
362 923 415 964 vos
436 903 537 964 soletis
558 903 665 976 dicere,
684 901 840 981 eloquendi
860 903 903 962 vis
924 921 1013 980 quam
1035 912 1080 963 est
1094 903 1244 982 praeclara

180 1006 326 1068 quamque
341 986 449 1049 divina!
474 1007 546 1066 quaa
561 986 690 1066 primum
707 987 804 1061 ellicit,
820 997 854 1048 ut
868 995 900 1048 et
911 1007 951 1062 ea,
970 1006 1044 1067 quae
1058 987 1242 1066 ignoramuS,
1301 1049 1302 1060 ,

181 1073 293 1148 discere
309 1080 339 1133 et
353 1093 399 1146 ea,
420 1091 493 1151 quae
509 1072 633 1143 scineae,
655 1071 726 1132 alios
743 1072 847 1133 docere
867 1071 1029 1152 possimus.
1059 1071 1171 1132 Deinde
1186 1073 1242 1133 hac

180 1157 377 1229 cohortamur,
393 1157 447 1218 hae
462 1157 683 1235 persuademus,
699 1157 755 1217 hac
770 1158 956 1218 consolamur
970 1156 1103 1230 alssiotos,
1118 1157 1174 1217 hac
1189 1158 1241 1218 de·

180 1241 313 1301 ducimus
329 1241 502 1319 perterritos
518 1259 534 1301 a
548 1241 666 1313 timore,
683 1241 740 1301 hac
752 1241 909 1318 gestientes
925 1240 1167 1320 comprimimu5‚
1186 1242 1241 1302 hac

180 1324 352 1402 cupiditates
372 1319 595 1404 iracundiasque
610 1325 834 1404 restinguimus;
855 1327 927 1386 haec
946 1343 1002 1385 nos
1024 1325 1112 1396 iuriS,
1134 1325 1240 1404 legum,

180 1407 296 1468 urbium
312 1407 449 1470 societate
464 1410 601 1483 devinxit,
621 1410 693 1470 haec
707 1429 724 1469 a
739 1410 795 1470 vita
809 1410 929 1470 immani
950 1418 978 1470 et
991 1411 1051 1470 iera
1071 1410 1239 1488 segregavit

113 1503 160 1554 149
180 1493 224 1552 Ad
238 1511 326 1553 usum
347 1501 443 1554 autem
464 1494 618 1572 orationis,
638 1493 805 1554 incredibile
825 1505 883 1568 est,
902 1494 952 1554 ubi
972 1493 1127 1572 diligenter
1145 1501 1240 1554 atten-

181 1577 269 1651 deris,
291 1586 396 1658 quanta
417 1597 506 1658 opera
526 1579 688 1640 machinata
702 1586 804 1639 natura
821 1579 866 1640 sit.
897 1577 1029 1640 Primum
1046 1579 1125 1639 enim
1141 1598 1156 1638 a
1172 1579 1239 1658 pul-
1301 1579 1302 1584 ’

179 1661 316 1723 monibus
333 1663 434 1724 arteria
451 1683 544 1744 usque
563 1664 597 1724 ad
619 1683 653 1724 os
673 1663 809 1724 intimum
829 1661 970 1744 pertinet,
991 1681 1045 1742 per
1065 1682 1152 1743 quam
1174 1683 1240 1736 vox,

180 1747 356 1826 principium
377 1767 393 1809 a
412 1757 510 1809 mente
530 1749 653 1821 ducens,
675 1747 835 1827 percipitur
853 1755 883 1808 et
903 1747 1042 1808 funditur.
1078 1747 1190 1808 Deinde
1208 1748 1240 1808 in

180 1849 230 1892 ore
246 1833 299 1893 sita
318 1832 416 1912 lingua
432 1841 490 1906 est,
509 1832 590 1892 finita
611 1832 757 1892 dentibus.
786 1833 826 1893 Ea
843 1851 944 1893 vocem
957 1831 1152 1912 immoderate
1164 1851 1239 1911 pro-

180 1917 276 1978 lusam
290 1917 372 1995 lingit
387 1926 415 1978 et
429 1917 578 1990 terminat,
599 1926 685 1996 atque
700 1934 792 1976 sonos
808 1915 887 1977 vocis
902 1916 1056 1977 distinctos
1072 1924 1100 1977 et
1114 1936 1239 1996 pressos

180 2001 280 2073 elficit,
302 2021 392 2081 quum
414 2003 497 2062 etad
517 2003 620 2062 dentes
635 2009 663 2062 et
683 2001 718 2061 ad
735 2000 804 2062 alias
824 2009 923 2080 partes
942 2001 1021 2080 pellit
1041 2001 1110 2061 orie.
1140 2001 1240 2082 ltaque

179 2084 281 2162 plectri
296 2085 421 2145 similem
439 2085 568 2162 linguam
586 2087 683 2147 nostri
698 2085 793 2146 solent
808 2085 915 2159 dicere,
936 2086 1113 2147 chordarum
1129 2086 1240 2159 dentes,

56 2195 58 2200 ·
121 2168 163 2227 dl)
180 2185 266 2227 nares
285 2169 424 2229 cornibus
444 2169 494 2242 iis,
514 2171 564 2248 qui
584 2171 618 2230 ad
640 2188 746 2230 nervos
765 2177 905 2232 resonant
924 2169 954 2230 in
970 2169 1111 2232 cantibus.
1144 2171 1240 2243 Quam

113 2260 161 2311 150
181 2270 249 2310 vero
270 2259 353 2331 aptas
373 2271 519 2333 quamque
538 2255 695 2315 multarum
716 2255 821 2316 artium
842 2254 990 2315 ministras
1011 2272 1116 2315 manus
1137 2262 1242 2316 natura

180 2335 294 2397 homini
309 2335 400 2399 dedit!
431 2337 594 2415 Digitorum
610 2340 688 2400 enim
708 2339 868 2400 contractio
889 2340 981 2401 facilis
1002 2339 1152 2419 facilisque
1166 2357 1241 2430 por-

181 2591 299 2654 snugdes
313 2589 612 2654 zusammengeho'rigen,
628 2605 682 2640 was
736 2589 803 2640 dicht
827 2591 906 2642 uehen
931 2591 979 2640 deu
1001 2590 1104 2654 Lungen
1129 2591 1180 2642 hat.
1215 2589 1241 2640 S.

180 2673 225 2709 aas
239 2657 324 2722 jedeon
341 2657 420 2722 Dioge
440 2659 491 2708 und
507 2658 638 2708 inwiclero
654 2673 682 2708 es
737 2656 830 2722 Galen,
852 2659 883 2708 dc
899 2659 1015 2724 llippocr.
1033 2663 1059 2708 et
1077 2656 1141 2708 Plat.
1158 2659 1242 2722 dogm.

181 2727 272 2776 durans
285 2725 380 2790 folge.“
735 2723 764 2790 11,
773 2724 788 2773 3
798 2725 823 2774 ff.
837 2726 887 2775 und
895 2723 932 2791 lll,
944 2725 968 2776 8.
992 2725 1127 2776 Hierwird
1135 2726 1182 2775 der
1192 2723 1243 2775 Ge·

215 2808 279 2860 puae
293 2809 338 2845 acc
349 2823 383 2830 —
398 2795 546 2860 infimitatis.
570 2792 618 2844 hlit
634 2793 682 2842 Be·
738 2793 818 2848 danlre
830 2793 869 2842 als
887 2788 969 2860 λόγος
985 2786 1148 2848 ἔνδὶάθετος
1159 2791 1242 2856 gehil-

181 2860 289 2923 2iohung
308 2859 354 2910 aui
371 2861 418 2910 den
437 2861 617 2927 Skepticismus
638 2862 683 2910 der
736 2861 780 2910 dct
792 2861 840 2909 und
853 2860 911 2910 tritt
922 2861 961 2910 als
973 2859 1058 2924 Wort,
1072 2854 1157 2928 λόγος
1167 2876 1244 2930 προ-

182 2927 357 2976 Ahademlker.
382 2927 408 2976 S.
425 2929 448 2977 d.
461 2929 562 2978 Einleit.
577 2928 603 2978 S.
619 2927 681 2976 1311.
736 2922 867 2998 φορικός,
891 2928 968 2977 durch
990 2928 1029 2977 dic
1050 2927 1244 2994 Sprachorganc
1299 2961 1300 2964 κ

219 2991 275 3042 148.
293 2997 323 3042 ut
338 3007 383 3043 aas
398 2993 486 3044 salaht
502 2995 597 3045 dcere:
619 2996 642 3044 d.
658 2995 681 3044 h.
736 2995 838 3045 hervor.

183 3059 215 3108 do
236 3060 286 3107 und
305 3059 377 3108 deine
398 3058 619 3125 liunstgeoossen,
643 3062 683 3112 dic
770 3078 823 3113 roc
842 3063 1011 3114 immoderate
1028 3064 1144 3130 presure
1162 3063 1246 3114 heisst

182 3125 290 3176 lledncr.
314 3124 398 3177 Ucbcr
411 3126 484 3177 Cotta
499 3128 537 3177 als
549 3127 650 3176 lledner
662 3144 682 3178 s.
737 3131 783 3180 der
798 3130 973 3181 unarticulirte
991 3129 1068 3195 Laut,
1091 3132 1141 3180 wie
1158 3145 1246 3195 umge-

182 3194 206 3244 d.
217 3192 282 3243 Einl.
292 3191 318 3244 S.
330 3192 368 3257 17,
382 3193 432 3242 und
444 3209 476 3243 zu
484 3194 540 3244 dem
552 3194 683 3258 folgenden
737 3197 813 3247 lrehrt
823 3197 963 3250 neodoratto
975 3200 1044 3249 oceo
1055 3214 1106 3248 von
1118 3199 1165 3249 der
1173 3197 1246 3250 nru-

181 3260 250 3312 Lohc
263 3259 684 3325 dcheredsamlreitvgldeOrat
739 3265 849 3320 colation
874 3267 942 3316 steht
965 3266 995 3315 de
1020 3265 1097 3330 chg.
1120 3263 1140 3331 l,
1159 3267 1185 3330 9,
1205 3266 1246 3316 27.

182 3327 201 3396 l,
214 3329 238 3380 Β.
251 3329 282 3382 de
293 3327 390 3380 lnveot.
403 3327 421 3394 l,
436 3329 459 3380 2.
738 3331 821 3381 llurclr
832 3333 871 3383 die
880 3332 1046 3383 Articulation
1055 3335 1160 3384 werden
1170 3335 1247 3384 deut-

218 3397 274 3448 149.
293 3413 344 3450 voc
352 3397 686 3467 principiumameutcdn·
738 3399 787 3449 lich
810 3415 860 3450 voa
887 3400 1006 3451 einander
1033 3402 1247 3452 unterschlcdene
1298 3431 1299 3436 =

181 3482 240 3517 cene
252 3492 298 3515 -.
320 3465 365 3518 Um
375 3466 428 3516 dies
438 3465 685 3530 ganzimSinnedes
738 3466 788 3517 und
804 3468 931 3518 bestimmt
947 3468 1085 3532 hcgreozte
1097 3469 1181 3520 Laute
1201 3485 1248 3534 gc-

183 3533 299 3584 Stoihers
320 3549 352 3583 zu
370 3535 517 3599 verctehcn‚
539 3549 608 3584 mass
628 3548 684 3585 man
738 3535 827 3598 hildct,
839 3538 898 3586 roni
907 3539 975 3586 voert
986 3535 1103 3586 dahtmcta'
1113 3541 1142 3587 ct
1150 3540 1249 3606 pressa,

184 3599 237 3649 sich
246 3601 371 3663 erinnem,
382 3601 441 3651 dass
451 3603 511 3652 noch
522 3601 556 3652 Ch
591 3601 683 3668 cippus,
738 3603 779 3652 dic
792 3603 998 3684 eigeuthiimliche
1012 3602 1082 3654 Gabc
1094 3604 1142 3654 der
1157 3606 1249 3684 μέρο-

183 3679 229 3714 aus
245 3665 300 3715 dem
316 3667 482 3719 diescl'artie
499 3669 562 3720 ohne
597 3669 682 3720 weilel
738 3683 790 3726 πες
810 3675 867 3720 ced
886 3687 972 3734 ωποι,
993 3672 1113 3722 wodorch
1135 3673 1173 3724 sic
1194 3674 1250 3722 srch

181 3731 376 3782 mittclhoroder
385 3736 685 3804 unmittelhorgcschlipst
737 3752 787 3786 von
799 3737 846 3786 den
859 3687 969 3788 lateran
981 3739 1189 3804 nuterscheiden‚
1203 3741 1251 3790 dc·

183 3797 231 3859 ist,
249 3797 290 3846 dle
302 3797 521 3852 nonuncium
535 3803 588 3854 Sita
601 3805 626 3854 in
638 3805 684 3853 der
737 3817 783 3852 rcn
801 3819 853 3856 accc
869 3806 924 3856 eine
943 3806 1112 3858 inmoderato
1129 3807 1252 3878 profusa

183 3862 272 3926 limat,
294 3863 344 3911 und
361 3879 430 3916 awos·
447 3869 480 3918 im
494 3867 606 3934 llcraeo,
627 3871 682 3920 also
738 3870 781 3921 ist.
