2622 4326
192 249 251 308 112
540 243 584 292 llll
601 239 737 293 annunt
754 237 892 290 DEORUM

176 421 220 472 ¹os
235 398 315 468 dicit,
331 405 364 458 ut
378 395 413 457 ab
428 396 493 474 ipsa
506 403 610 456 natura
624 395 773 467 didicisse,
787 410 849 455 non
863 400 897 454 ut
911 392 978 472 ipse
987 392 1135 472 reperisse
1152 394 1261 457 videa·

188 491 244 542 tur.
274 479 309 540 Si
321 485 411 553 enim,
428 479 534 558 inquit,
549 491 590 541 eet
604 480 715 560 aliquid
728 483 759 538 io
774 496 876 539 rerum
889 487 1012 548 natura,
1029 479 1108 558 quod
1121 477 1261 542 bominis

187 583 279 634 mens,
300 567 377 646 quod
394 567 485 634 rodo,
505 565 582 643 quod
601 568 658 636 cis,
679 564 754 642 quod
769 573 896 642 potestus
910 561 1039 625 dumnoc
1054 563 1178 642 efficere
1194 584 1258 626 oen

183 652 289 730 possit:
310 661 350 711 est
370 661 443 710 certe
462 650 506 719 id,
526 650 603 728 quod
620 648 695 709 illud
709 647 811 728 efficit,
831 647 946 707 lemine
960 647 1070 708 melius.
1100 647 1195 728 Atqui
1207 669 1259 713 res

189 735 320 796 caenon
335 751 485 813 omnesque
501 752 559 803 ece,
576 751 702 814 quornm
717 742 758 793 est
772 733 844 792 ordo
858 736 1062 812 sempiternus,
1079 733 1115 794 ab
1131 732 1257 796 bomine

190 819 296 898 confici
308 829 368 879 non
383 829 511 898 possunt.
542 817 594 878 Eu
606 822 696 896 ἐρίων
709 818 753 890 id,
768 811 818 900 [a]
833 834 887 896 quo
903 816 957 877 clla
972 817 1182 896 confidentur,
1198 819 1257 881 bo-

188 907 263 963 »nane
278 903 388 963 melius:
419 901 454 964 ld
470 913 565 964 autern
581 905 649 982 quid
656 905 752 982 ponus
764 903 884 971 diceris,
900 921 987 980 quam
999 895 1106 962 deum?
1134 903 1255 966 henim

188 992 214 1048 ci
228 989 270 1049 dii
281 1005 341 1048 nco
356 999 435 1058 suot,
452 989 520 1067 quid
535 1007 592 1048 esse
603 999 696 1068 potest
709 991 740 1048 iu
754 1004 855 1047 rerunt
869 996 980 1046 actura
993 985 1108 1048 bomine
1122 987 1254 1050 metrice?

188 1071 224 1132 la
239 1091 270 1134 eo
286 1075 362 1132 caim
376 1072 437 1132 solo
453 1083 493 1132 cet
507 1076 593 1142 rado,
610 1091 668 1152 quc
681 1071 756 1132 nibil
767 1081 858 1150 potest
871 1087 930 1132 asse
941 1075 1148 1150 praestantius.
1180 1073 1253 1136 Esse

190 1167 283 1218 crucem
303 1157 459 1229 bominem,
480 1161 530 1236 qui
548 1156 622 1216 nibal
640 1161 672 1216 a'n
692 1160 772 1216 omni
790 1156 898 1216 mundo
917 1155 1021 1216 naues
1040 1175 1099 1216 cccc
1115 1175 1206 1236 quom
1221 1178 1252 1220 sc

186 1251 277 1319 putet,
299 1243 460 1321 despicatis
480 1245 667 1320 arrogantiae
686 1251 733 1302 est.
762 1240 840 1318 ddrpo
860 1249 901 1300 est
920 1239 1031 1320 aliquid
1050 1241 1163 1302 melius.
1200 1243 1254 1304 Est

137 1329 165 1376 li
187 1328 276 1403 igitur
289 1328 419 1404 profecto
436 1327 513 1388 deus.
543 1328 588 1385 Au
603 1343 686 1398 vero,
707 1325 732 1385 si
747 1325 869 1384 domum
885 1343 1021 1402 magnam
1036 1326 1253 1406 pulchramque

186 1411 300 1483 videris,
315 1428 377 1469 non
392 1410 491 1488 possis
508 1411 619 1488 adduci,
635 1418 675 1482 ut,
693 1408 805 1470 etiamsi
817 1409 971 1470 dominum
982 1404 1045 1469 non
1055 1410 1164 1485 videas,
1180 1431 1251 1473 mu-

187 1495 268 1556 ribus
287 1495 363 1554 illam
379 1505 406 1555 et
422 1495 553 1554 mustelis
569 1496 747 1556 aedificatam
762 1491 870 1571 pules?
892 1501 1006 1554 tantum
1022 1512 1093 1572 ergo
1110 1504 1252 1557 ornatum

188 1580 302 1652 mundi,
323 1585 432 1640 tantam
447 1575 612 1640 varietatem
630 1577 933 1658 pulchritudinemque
953 1596 1052 1639 rerum
1068 1580 1251 1654 caelestium,

188 1673 295 1725 tautam
314 1663 374 1726 vim
393 1674 422 1724 et
436 1665 667 1742 magnitudinem
681 1663 771 1724 maris
787 1670 873 1740 atque
891 1673 1035 1723 terrarum
1050 1663 1076 1724 si
1096 1673 1196 1736 tumn,
1215 1685 1252 1726 ac

186 1768 247 1809 non
268 1750 391 1809 deorum
411 1748 619 1810 immortalium
635 1747 814 1809 domicilium
829 1754 930 1825 puteS,
950 1764 1050 1808 nonne
1065 1749 1151 1826 plane
1168 1750 1251 1810 desi-

185 1852 254 1912 pere
265 1831 399 1894 videare?
428 1835 474 1894 An
489 1852 526 1894 ne
541 1835 599 1894 hcc
611 1832 727 1912 quidem
738 1831 934 1910 intelligimus,
951 1831 1049 1892 omnia
1061 1852 1172 1912 supera
1183 1853 1252 1896 esse

186 1918 435 1992 meliora,tc1·ram
451 1927 547 1979 autem
561 1937 626 1978 esse
641 1919 782 1989 infimam,
798 1935 885 1994 quam
900 1916 1103 1978 crassissimus
1119 1917 1251 1980 cucum-

187 2003 287 2064 lundat
307 1999 377 2064 aer?
398 2011 430 2063 ut
450 2003 488 2062 ob
500 2022 572 2062 eam
591 2003 687 2082 ipsam
707 2019 853 2074 caussam,
874 1999 1055 2080 quodetiam
1071 2002 1250 2081 quibusdam

186 2087 354 2166 regionibus
374 2095 459 2166 alque
479 2087 601 2148 urbibus
624 2086 792 2164 contingere
809 2085 953 2158 videmus,
972 2085 1125 2148 hebetiora
1144 2095 1177 2148 ut
1193 2088 1253 2150 sint

186 2172 340 2233 hominum
354 2171 468 2249 ingania
483 2179 605 2250 propter
620 2173 688 2232 caeli
702 2171 865 2250 pleniorem
876 2177 1020 2243 naturam,
1035 2171 1094 2232 boc
1106 2171 1186 2233 idem
1199 2193 1251 2252 ge—

186 2391 338 2454 geugeatellt
358 2391 474 2454 werden,
497 2396 575 2440 elwa:
600 2406 688 2455 pucrn-
742 2388 761 2452 Ι,
782 2387 823 2439 22.
855 2387 971 2438 Perizon.
992 2405 1024 2438 zu
1044 2389 1145 2440 Aelinn.
1166 2391 1201 2442 V.
1219 2391 1250 2441 ll.

187 2475 263 2525 quam
279 2461 405 2509 acem'rrro
417 2474 474 2508 ecee
484 2460 589 2524 ingenio
601 2458 689 2508 cruda·
742 2455 811 2518 XlV,
824 2456 848 2506 4.

132 2527 135 2532 '
188 2532 237 2591 tur,
264 2532 357 2590 mmm,
382 2542 446 2592 quae
469 2527 541 2592 dicit,
566 2525 691 2576 eiusmodi
777 2525 1164 2590 mnniaauperaacscmeliora.
1191 2526 1252 2576 Die·

186 2598 249 2644 sont
268 2598 314 2644 otc.
347 2593 384 2644 Ob
405 2594 523 2658 librigene
544 2594 584 2661 die
605 2593 690 2657 Argu-
744 2607 788 2642 ser
799 2591 860 2642 Satn
877 2592 976 2642 schciot
987 2591 1044 2641 eine
1056 2593 1188 2656 derneige.
1201 2594 1252 2642 Ae·

186 2662 324 2711 mentation
348 2663 458 2712 'wirllicb
488 2663 527 2713 ein
557 2679 586 2712 so
614 2662 689 2712 iiber·
744 2659 1132 2723 gumentatiouenzuliindigeu,
1148 2661 1200 2710 wic
1213 2660 1252 2710 sic

187 2729 442 2792 schwenglicbesbob
451 2731 578 2795 verdiena,
590 2731 624 2780 ist
633 2731 689 2793 cine
744 2727 838 2778 Sextus
862 2725 932 2792 Emp.
956 2725 1002 2790 IX,
1027 2725 1059 2775 86
1081 2728 1106 2778 ff.
1131 2727 1251 2778 relerirt:

186 2796 278 2845 audere
291 2797 382 2861 Frage.
407 2799 449 2849 Sic
466 2813 521 2849 war
537 2799 598 2848 aber
615 2799 690 2846 sebon
745 2796 803 2845 dnss
831 2794 937 2844 n'rimlicb
966 2793 1005 2842 dic
1031 2795 1054 2843 in
1079 2796 1128 2844 dou
1153 2795 1252 2845 oberen

188 2879 235 2913 noc
247 2861 305 2913 Gbr.
318 2881 377 2914 vom
390 2867 523 2916 Cleanthes
536 2865 689 2929 aulgestellt‚
744 2862 872 2926 Regioneu
891 2862 937 2911 der
952 2860 1026 2911 Welt
1042 2862 1166 2913 lebenden
1184 2863 1252 2913 We-

187 2931 235 2980 wic
259 2931 308 2980 wir
331 2946 375 2980 aus
401 2933 468 2983 Sext.
493 2934 564 3000 Emp.
588 2932 632 2994 lX,
657 2931 689 2982 88
744 2947 851 2980 seuvon
869 2931 985 2992 bdherer‚
1002 2929 1254 2980 iibermeuscblichcr

186 3000 271 3048 seben.
743 2997 837 3061 Natur,
864 2997 919 3047 also
945 2995 1036 3047 Gb'tter
1059 2998 1114 3048 sein
1138 2998 1252 3048 miissen.

745 3065 813 3115 state
830 3066 920 3116 desseu
935 3064 996 3114 aber
1007 3064 1072 3128 lolgt
1083 3073 1185 3130 etwas,
1195 3081 1252 3116 was

743 3132 790 3182 mit
813 3133 867 3182 dem
887 3133 1103 3195 vcrangestelltcu
1125 3133 1204 3184 Satze
1226 3134 1252 3183 in

744 3215 791 3264 gar
810 3200 908 3250 leioem
929 3197 1122 3264 ootbwendigcu
1140 3201 1253 3256 zucam.-

222 3099 264 3160 [α]
282 3113 330 3164 quo
346 3097 390 3146 illc
407 3099 583 3162 conficiuntur.
607 3097 690 3147 Dicin

188 3165 236 3215 den
257 3165 361 3215 lldscbr.
384 3163 498 3214 leblende
517 3165 691 3230 Praeposition

145 3257 147 3264 v
190 3233 225 3284 ist
244 3233 299 3282 hicr
320 3232 411 3282 ebenso
430 3231 632 3293 uneutbebrlicb,
652 3233 691 3282 als
1011 3268 1024 3280 „
1063 3269 1068 3281 ,
1229 3269 1235 3281 ,

189 3303 283 3352 vosge,
305 3315 352 3352 vor
380 3300 487 3350 pompm·
528 3299 587 3361 νει,
611 3297 689 3349 fland·
743 3269 866 3330 mcubang
889 3270 969 3332 steht,
993 3269 1100 3319 ucmbcb
1123 3271 1183 3320 dass
1210 3271 1253 3319 die

191 3367 333 3420 Tursell.l
362 3366 416 3418 ,31
436 3365 453 3416 f.
467 3368 516 3416 und
534 3367 598 3416 dazu
614 3373 691 3417 notan
744 3337 800 3385 dm
829 3335 963 3418 Memffihep
992 3338 1158 3418 mvs⁰¹¹¹¹⁸¹¹df
1181 3337 1254 3416 ψ’

745 3402 818 3453 nunlt
828 3418 875 3453 uus
887 3405 1001 3468 nothrgc,
1019 3419 1059 3454 ern
1071 3404 1254 3468 vernunl'trges

726 3469 844 3534 -Princip
865 3473 928 3521 cuch
947 3472 972 3522 in
989 3472 1035 3521 der
1051 3472 1124 3523 Welt
1137 3488 1254 3523 antuer-

744 3538 854 3600 konnen,
878 3541 966 3589 waher
985 3539 1048 3590 eben
1069 3541 1109 3590 die
1130 3542 1254 3590 menseb—

393 3653 399 3669 Ι
743 3605 808 3656 liobe
818 3604 943 3656 Vemuolt
954 3614 1066 3658 stamme.
1091 3607 1128 3658 Es
1141 3607 1254 3670 scheint,

226 3671 265 3720 17.
285 3678 312 3722 et
323 3675 448 3733 ruuetelie,
473 3673 572 3725 chsel
587 3674 692 3724 wurdcn
745 3674 803 3723 dass
814 3670 902 3722 Cicero
914 3674 969 3734 bier
978 3675 1033 3725 sein
1043 3675 1157 3739 Originel
1166 3683 1254 3726 etwas

189 3751 239 3788 von
263 3739 310 3788 den
331 3740 407 3790 Alton
427 3743 465 3792 cle
482 3743 632 3792 liausthiere
648 3757 692 3804 ge·
743 3741 846 3802 ssiicbtig
857 3743 986 3807 excerpirt
997 3743 1068 3792 habe.

189 3806 273 3856 beltan
285 3807 366 3870 gleicb
378 3809 426 3858 deu
441 3807 550 3873 Mezen,
568 3825 615 3858 zur
626 3807 691 3859 Ver·
778 3807 929 3871 quibusdam
938 3824 995 3873 reg.
1005 3813 1081 3875 utque
1090 3813 1207 3864 urbibus.
1225 3811 1254 3861 S.

188 3874 286 3938 tilgcng
295 3875 340 3924 der
348 3875 444 3928 Miiuse.
463 3875 629 3948 Vgl.Plioedr.
639 3874 690 3924 lab.
743 3873 964 3939 uuteuc.16‚.42.

191 3436 231 3500 lll,
252 3437 292 3501 10,
305 3437 346 3500 25,
356 3453 395 3487 wo
405 3434 516 3486 disselbe
527 3433 692 3496 Argumenta-

188 3505 241 3554 tion
258 3506 283 3556 in
297 3512 375 3556 etwas
388 3504 497 3554 anderen
509 3501 618 3553 Worbcn
631 3519 690 3552 vor·

187 3577 309 3640 getragen
321 3572 393 3622 wind.
