2612 4328
159 271 222 332 222
509 263 553 314 nn
571 259 708 314 Norunt
725 259 863 313 DEORUM
901 327 903 330 Ι

149 421 255 493 'fidem
271 436 364 497 spem,
381 419 524 489 drtutem,
540 416 694 486 honorem,
709 413 870 485 victoriam,
885 413 1016 485 salutem,
1029 414 1220 474 concordiam

160 513 311 580 ceteraque
330 501 497 565 huiusmodi
517 517 616 560 rerum
636 498 695 558 vim
715 497 821 558 habere
841 497 985 570 videmus,
1003 513 1066 558 non
1082 497 1218 558 deorum.

159 590 218 649 Aut
238 587 316 647 enim
335 586 365 645 in
386 586 531 647 nobismet
545 584 647 644 insunt
661 581 750 660 ipsis,
770 589 804 641 ut
817 599 915 654 mens,
936 590 968 642 ut
984 581 1069 654 fides,
1089 590 1125 642 ut
1139 601 1218 662 spes,

159 682 191 734 ut
209 671 315 748 virtus,
335 678 367 731 ut
382 669 553 741 concordia,
574 675 624 728 aut
638 666 782 745 optandae
796 665 882 726 nobis
898 673 981 746 sunt,
1001 673 1034 726 ut
1048 667 1166 740 honos,
1186 674 1219 727 ut

160 756 253 827 salus,
272 761 305 816 ut
322 754 456 815 victoria:
476 769 598 833 quarum
618 769 716 811 rerum
734 750 889 811 utilitatem
908 750 1007 823 video,
1028 751 1114 812 video
1130 751 1217 811 etiam

160 845 327 900 consecrata
343 838 509 910 simulacra3
531 853 618 915 qnare
633 843 729 895 autem
744 835 774 894 in
788 835 835 894 his
853 835 894 894 vis
909 834 1032 894 deorum
1047 835 1132 908 insit,
1153 843 1216 896 tum

158 923 313 1002 intelligam
330 941 420 1002 quum
436 937 612 999 cognovero.
639 919 705 992 Quo
721 919 752 980 in
766 935 871 996 genere
885 919 930 979 ‘vel
944 918 1069 978 maxime
1084 927 1131 980 est
1141 920 1216 980 Fer-

159 1017 229 1070 tuna
244 1007 433 1078 numeranda,
448 1023 537 1084 quam
551 1021 639 1064 neme
651 1004 686 1064 ab
698 1003 892 1064 inconstantia
904 1009 932 1062 et
941 1003 1105 1064 temeritate
1117 1003 1216 1080 seiun-

107 1100 139 1150 62
161 1100 219 1170 get:
239 1110 314 1170 quac
332 1092 418 1168 digna
439 1097 515 1150 certe
534 1105 595 1148 non
611 1093 681 1147 sunt
695 1088 760 1147 deo.
789 1087 849 1146 lam
864 1105 932 1147 vero
949 1086 1017 1166 quid
1035 1105 1086 1148 vos
1102 1088 1149 1148 illa
1166 1089 1215 1148 de·

158 1177 243 1238 lectat
258 1174 409 1252 explicatio
430 1173 593 1234 fabularum
612 1179 640 1230 et
659 1168 992 1242 enodationominnm?
1021 1171 1181 1233 Exsectum
1200 1191 1215 1231 a

160 1260 219 1319 filio
235 1257 364 1329 Caelum,
380 1257 508 1316 unctum
524 1255 623 1315 itidem
639 1273 654 1312 a
670 1254 728 1314 filio
745 1254 913 1326 Satummn,
928 1256 1000 1316 haec
1015 1263 1043 1315 et
1058 1255 1112 1316 alia
1128 1274 1220 1334 gene--

160 1342 202 1403 ris
217 1340 347 1400 eiusdem
363 1358 414 1399 vos
429 1339 467 1399 ita
482 1337 652 1409 defenditis,
671 1345 703 1398 ut
718 1338 737 1398 ii
747 1339 801 1416 *qui
816 1339 871 1399 ista
887 1339 1033 1400 finxerunt
1046 1357 1110 1399 non
1125 1341 1214 1400 modo
1289 1405 1290 1416 ,

160 1443 222 1485 non
240 1423 349 1497 insani,
371 1425 421 1484 sed
442 1423 527 1483 etiam
548 1419 640 1482 luisse
655 1421 802 1500 sapientes
816 1423 975 1484 videantur.
1004 1423 1038 1483 ln
1053 1424 1214 1485 enodandis
1289 1427 1290 1480 l

160 1517 257 1570 autem
272 1507 442 1569 nominibus
454 1507 533 1585 quod
546 1506 744 1566 miserendum
756 1507 794 1566 sit
804 1505 950 1567 laboratis.
977 1507 1135 1581 Saturnus,
1151 1509 1214 1587 quia

161 1613 193 1654 sc
203 1601 313 1654 saturet
324 1592 422 1665 annis3
436 1592 560 1663 llavcrs,
575 1590 640 1669 quia
652 1607 757 1668 magna
767 1591 868 1663 vortit,
882 1591 1018 1665 llinerva,
1031 1592 1098 1671 quia
1111 1593 1214 1652 minuit

160 1685 209 1738 aut
223 1678 289 1756 quia
305 1677 445 1748 minatur3
467 1676 576 1748 Vernis,
592 1675 658 1752 quia
673 1674 750 1734 venit
764 1676 799 1735 ad
816 1676 927 1748 omnim
943 1676 1029 1736 Ceres
1045 1695 1061 1736 a
1076 1678 1212 1754 gerendo.

160 1763 254 1834 Quam
274 1761 436 1839 periculosa
457 1757 652 1819 consuetudo!
686 1758 720 1818 In
740 1759 839 1818 multis
859 1759 936 1818 enim
956 1759 1127 1820 nominihus
1147 1762 1213 1822 hae·

159 1844 267 1906 rebitis.
299 1845 374 1916 Quid
386 1843 482 1903 Veiovi
497 1840 608 1903 iacies?
625 1842 693 1920 quid
709 1839 860 1903 Vulcano?
874 1861 1059 1922 quamquam,
1076 1845 1211 1924 quoniam

158 1929 326 2008 Neptunum
343 1947 358 1988 a
373 1928 471 1987 nando
487 1926 661 2006 appellatum
677 1934 775 2004 putas,
796 1927 906 1987 nullum
922 1927 975 1988 erit
990 1945 1115 2002 nomen,
1137 1929 1212 2008 quod

158 2031 220 2073 non
235 2012 333 2091 possis
349 2030 405 2072 una
419 2011 511 2072 littera
528 2011 668 2088 explicare
683 2011 760 2071 unde
776 2011 894 2071 ductmn
907 2012 953 2071 sit.
981 2012 1012 2070 ln
1026 2025 1085 2091 quo
1098 2013 1210 2091 quidem

105 2107 137 2156 63
159 2097 251 2174 magis
272 2103 304 2156 tu
323 2095 394 2155 mihi
414 2105 513 2154 natare
532 2096 612 2155 visus
634 2113 678 2168 es,
700 2113 787 2173 quarn
806 2095 870 2172 ipse
889 2095 1052 2173 Neptunus.
1082 2097 1212 2176 lllagnam

158 2179 322 2239 molestiam
345 2177 474 2254 suscepit
493 2185 521 2236 et
541 2179 660 2238 minime
679 2178 873 2239 necessariam
893 2181 1006 2259 primus
1026 2180 1121 2255 Zeno,
1147 2190 1213 2260 post

159 2395 222 2444 eben
232 2409 253 2444 e.
264 2394 288 2454 6,
302 2394 331 2442 15
344 2408 368 2443 n.
377 2395 448 2443 metir
464 2394 504 2444 bei
513 2393 583 2444 Hand
594 2393 660 2443 'l'nr-
712 2395 759 2443 der
770 2397 887 2446 Antwcrt
903 2397 1003 2448 miissen
1021 2398 1069 2448 wir
1084 2400 1158 2449 dunin
1171 2415 1211 2462 ge-

158 2460 339 2524 sell.lll‚147.
713 2463 785 2512 stcllt
801 2463 854 2512 sein
871 2464 964 2514 lusscn.
997 2465 1048 2515 llas
1064 2467 1128 2516 aber
1144 2467 1212 2518 Viele

190 2531 534 2598 machumetimuatipct'a.
552 2527 658 2594 Vgldie
712 2537 787 2579 unter
807 2531 862 2580 dem
884 2530 913 2582 V
912 2533 991 2582 ciente
1012 2534 1083 2582 einen
1105 2534 1212 2597 kleincn‚

157 2612 189 2646 nn
204 2596 239 2660 ll,
252 2596 297 2662 23,
310 2596 340 2645 61
359 2598 485 2660 gegebcnc
498 2596 657 2659 Andentung.
709 2597 886 2660 jugendliclren
899 2597 994 2664 lnpiter
1005 2601 1120 2661 dnclrten‚
1140 2603 1212 2651 selren

157 2663 256 2726 Wegen
266 2665 354 2726 lenos,
366 2665 445 2724 salua,
458 2663 658 2715 edctoadawiirde
712 2665 761 2714 wir
771 2680 816 2714 ans
830 2664 903 2714 Ovid.
916 2665 986 2717 nest.
999 2666 1039 2731 lll,
1053 2667 1103 2716 445
1116 2684 1141 2718 n.
1152 2684 1174 2718 a.
1184 2684 1212 2718 nc
1288 2667 1289 2712 l

157 2725 208 2780 sic'lr
225 2733 271 2781 der
287 2731 389 2782 Stcikcr
409 2733 470 2783 anch
491 2731 558 2780 wohl
580 2731 657 2780 haben
711 2759 747 2768 —
766 2732 830 2783 Vom
851 2733 984 2786 Vulcanus
1005 2734 1083 2784 findet
1104 2736 1157 2786 siclt
1177 2736 1212 2785 die
1288 2737 1289 2750 ¹

155 2806 343 2849 verantworten
356 2799 466 2862 tuanen,
484 2800 533 2848 und
546 2814 578 2846 zu
591 2797 659 2848 Gun·
712 2800 871 2866 Etymologie
889 2801 928 2850 bei
945 2801 1032 2850 lsidor.
1052 2818 1075 2867 p.
1092 2802 1170 2868 1026,
1182 2802 1211 2851 32
1288 2799 1289 2804 ’

157 2866 406 2916 stenderFortuna
415 2867 484 2916 hiitte
494 2881 522 2915 er
531 2866 660 2915 viellcicht
713 2866 797 2917 (lotha
811 2867 896 2918 dictus
903 2868 932 2920 V
930 2868 1036 2918 ultanus
1045 2875 1121 2933 puori
1128 2871 1211 2920 uoluam

156 2940 253 2995 gesagt,
266 2934 333 2993 dass,
347 2947 399 2982 was
411 2933 458 2982 den
472 2933 607 2983 Mensclrcn
620 2933 658 2982 als
712 2934 814 2997 cavader,
827 2935 867 2985 ecl
877 2939 951 3000 quasi
961 2935 1137 3002 volicanus,
1150 2935 1213 3003 qnod

155 3001 327 3048 inconstantia
338 3000 386 3047 und
400 3003 530 3049 temeritas
548 3001 658 3048 ersclrei·
710 3017 758 3070 per
780 3005 866 3052 aiimn
888 3003 969 3067 colet,
997 3004 1036 3052 die
1060 3005 1211 3068 wenigstcns

156 3080 200 3125 ne,
217 3064 271 3112 dies
287 3065 419 3126 deswegen
436 3066 498 3114 doeh
517 3066 584 3115 niclrt
596 3067 657 3115 auch
712 3069 780 3118 nicht
793 3071 933 3120 schlechter
946 3071 992 3134 ist,
1005 3071 1043 3120 als
1056 3071 1096 3120 dic
1109 3073 1211 3122 meister

156 3129 271 3182 wirlliclr
284 3131 323 3179 sei
330 3168 336 3193 ,
355 3131 461 3180 scudem
481 3147 528 3180 nur
541 3131 595 3180 cine
608 3127 657 3182 ἀν-
711 3135 757 3184 der
769 3136 869 3202 decoll,
879 3136 978 3187 25-27
992 3153 1041 3188 von
1050 3138 1143 3188 Balltns
1155 3153 1210 3188 vor-

155 3200 293 3266 tlpomlvcp
311 3198 436 3264 λογισμῷ
454 3190 556 3262 ἄδηλος
574 3199 657 3262 αἰτία,
711 3210 878 3266 getragenen,
901 3206 962 3254 oder
978 3205 1016 3255 uls
1037 3206 1093 3255 cine
1113 3221 1210 3269 neuere,

156 3263 577 3331 nachPlut.deplac.pl1il.l‚29.
712 3269 751 3318 die
780 3270 827 3318 den
857 3271 949 3322 Numen
982 3288 1027 3323 ans
1057 3275 1113 3323 dem
1141 3273 1210 3324 Gric—

189 3333 231 3383 62.
252 3334 345 3398 suisne
364 3337 491 3401 sopierdes
514 3333 656 3384 uideantur.
711 3337 825 3385 chisclren
864 3339 984 3403 ableitet,
1025 3335 1152 3396 Ὁλκαῖος
1181 3361 1212 3382 =

153 3398 211 3464 Vgl.
224 3401 242 3464 l,
259 3401 297 3474 15,
311 3401 351 3449 41.
711 3403 932 3470 Schlcpplnss‚
954 3422 1040 3472 wegen
1063 3409 1109 3457 der
1126 3408 1211 3458 Lairm-

187 3468 257 3533 quod
266 3469 658 3520 nusmaaduaneitlaboratrlr=
711 3471 770 3521 neit

154 3533 276 3603 labereta,
289 3539 333 3602 qui
343 3537 505 3588 miserandus
518 3541 563 3602 ait,
574 3540 656 3587 susci·
744 3543 836 3590 autera
847 3543 916 3591 timae
928 3557 955 3590 ec
964 3557 984 3591 s.
994 3558 1019 3591 v.
1029 3541 1210 3607 ulsjluctrm,
1287 3541 1288 3578 t

152 3604 223 3670 pitis.
711 3607 775 3655 ohne
786 3605 931 3658 festeullult
941 3609 981 3657 trin
991 3610 1039 3659 und
1050 3611 1211 3660 henschwan·

188 3669 248 3734 quid
259 3670 467 3734 Veiom’saciecl
494 3671 655 3722 Darnulant-
710 3674 772 3734 len,
790 3677 907 3725 timeare.
941 3676 999 3739 Vgl.
1012 3676 1099 3726 licent.
1118 3677 1170 3728 Set.
1182 3676 1208 3740 11,
1287 3705 1288 3716 2

153 3743 246 3786 wortet
258 3736 350 3786 Festus
364 3753 386 3801 p.
400 3737 462 3786 379:
479 3739 508 3790 V
507 3755 521 3788 e
532 3739 656 3804 epitetum
712 3741 735 3803 7,
748 3740 776 3789 6:
798 3742 867 3793 Pars
883 3742 964 3792 multa
979 3749 1066 3807 natat,
1083 3746 1160 3796 inodo
1172 3761 1209 3796 re·
1287 3757 1288 3786 2

152 3808 292 3873 ratpertus
299 3807 495 3871 praeponebant,
504 3807 656 3858 raadeVee'o-
710 3812 751 3858 ctn
763 3824 909 3877 capessens,
926 3812 1056 3862 interdum
1065 3815 1157 3879 praeis
1170 3815 1209 3864 ot-

152 3889 207 3924 eem
217 3887 326 3942 pomum
339 3872 430 3922 Iovem.
448 3874 492 3922 Die
503 3873 656 3937 Ricntigkeit
709 3877 791 3928 noreio
