2612 4328
168 295 228 358 196
513 289 558 340 ne
575 287 714 342 aarum
732 287 871 341 nnoauu

166 447 297 526 sepultos
317 463 383 505 esse
403 443 473 504 dicit
485 443 716 516 Lacedaemone,
735 461 787 504 eos
807 450 839 505 tu
859 442 1016 504 cantheriis
1037 441 1125 516 albis,
1145 442 1231 504 nullis

167 530 331 602 calonibus,
351 527 465 589 obviam
481 527 594 588 Vatinio
614 527 730 590 venisse
748 527 896 588 existimas
917 535 945 586 et
959 525 1112 588 victoriam
1128 529 1231 607 populi

145 633 150 648 “
166 615 291 677 Romani
303 613 417 676 Vatinio
432 612 540 692 potius,
555 612 669 674 homini
683 611 806 686 rustico,
822 630 911 690 quam
921 612 959 672 Μ.
972 611 1085 684 Catoni,
1101 613 1231 692 quitum

167 707 229 762 erat
247 699 399 779 princeps,
421 695 622 780 nuntiavisse?
651 697 729 775 Ergo
751 704 782 774 et¹
798 696 866 758 illud
882 697 915 758 in
929 695 1022 770 silice,
1045 697 1129 776 quod
1144 698 1231 760 hodie

168 793 289 864 apparet
311 783 387 862 apud
409 782 566 862 Regillum,
593 790 742 861 tamquam
762 781 916 860 vestigium
935 781 1074 860 ungulae,
1101 781 1231 844 Castoris

116 882 147 932 12
168 870 234 949 equi
249 868 345 930 credis
360 863 449 928 esse?
478 867 583 929 Nonne
598 867 690 928 mavis
705 866 775 928 illud
791 867 922 940 credere,
942 866 1021 946 quod
1037 867 1160 946 probari
1173 886 1229 946 po-

168 963 235 1025 test,
249 954 365 1016 animos
380 953 597 1032 praeclarorum
611 952 776 1026 hominum,
792 951 893 1030 quales
909 950 958 1012 isli
970 950 1157 1030 Tyndaridae
1168 953 1230 1013 lue·

168 1047 248 1113 munt,
263 1038 377 1099 divinos
394 1055 459 1098 esse
470 1044 499 1098 et
510 1045 653 1109 aeternos
669 1055 756 1114 quam
769 1055 821 1097 eos
833 1035 884 1116 qui
896 1036 988 1098 semel
999 1035 1120 1096 cremati
1133 1046 1230 1098 essent

168 1124 298 1203 equitare
317 1130 345 1183 et
364 1122 394 1182 in
414 1121 474 1183 acie
494 1139 626 1200 pugnare
646 1118 802 1201 potuisse?
827 1128 878 1181 aut
898 1120 923 1180 si
944 1121 1002 1180 hoc
1016 1120 1080 1182 lieri
1095 1121 1228 1198 potuisse

117 1219 147 1269 13
169 1208 249 1280 dicis,
261 1209 367 1268 doceas
379 1214 505 1284 oportet,
517 1206 683 1285 quomod03
694 1224 748 1267 neo
758 1205 875 1268 fabellas
887 1205 976 1266 aniles
988 1206 1135 1284 proferas.
1159 1207 1229 1266 Tum

168 1290 308 1363 Lucilius,
324 1291 369 1350 An
384 1291 449 1364 tibi,
469 1290 575 1370 inquit,
597 1291 715 1352 fabellae
734 1287 889 1352 videntur?
918 1288 1024 1350 Nonne
1044 1290 1229 1351 aPostumio

169 1376 270 1436 aedem
286 1374 397 1436 Castori
413 1382 442 1434 el
457 1374 566 1436 Polluci
581 1374 612 1434 in
628 1376 693 1435 loro
710 1375 885 1447 dedicatam,
906 1391 1006 1434 nonne
1022 1382 1145 1435 senatus
1162 1391 1228 1435 con-

170 1461 279 1522 sultum
298 1460 334 1520 de
348 1459 461 1521 Vatinio
481 1457 585 1520 rides?
619 1458 695 1520 Nam
717 1460 752 1520 de
770 1459 860 1538 Sagra
876 1457 1055 1518 Graecorum
1078 1458 1168 1519 etiam
1189 1467 1228 1518 est

169 1546 283 1624 vrdgare
293 1543 489 1623 proverbium,
501 1544 558 1624 qui,
569 1562 642 1621 quae
654 1545 807 1620 affirmant,
819 1543 942 1605 certiora
954 1562 1020 1604 esse
1033 1543 1138 1604 dicunt
1148 1563 1228 1623 quam

168 1630 215 1693 illa
232 1649 305 1709 quae
321 1629 397 1708 apud
415 1629 545 1708 Sagram.
583 1627 636 1688 His
651 1627 739 1708 igitur
753 1627 920 1689 auctoribus
940 1645 1042 1688 nonne
1061 1627 1153 1688 debes
1168 1647 1228 1688 mo-

94 1710 98 1718 ’
171 1713 255 1776 veri?
289 1714 364 1774 Tum
382 1715 479 1785 Cotta,
500 1713 694 1788 Rumoribus,
720 1713 828 1792 inquit,
848 1730 963 1774 mecum
983 1729 1115 1790 pugnae,
1136 1713 1229 1784 Ballou

169 1819 223 1880 ego
240 1807 337 1860 autem
353 1819 369 1859 a
384 1807 412 1860 te
426 1800 552 1860 rationes
567 1798 695 1878 requiro.
724 1797 853 1875 (Desunt
865 1795 1038 1872 nonnullo.)

135 1889 155 1948 o
260 1885 437 1964 Sequuntur,
453 1902 526 1963 quae
542 1884 639 1943 lutura
654 1890 736 1944 sunt:
752 1884 876 1960 ellugere
892 1881 970 1942 enim
981 1899 1070 1942 nemo
1085 1881 1116 1942 id
1128 1890 1227 1962 potest,

119 1978 152 2029 14
171 1969 249 2050 quod
270 1971 400 2030 loturum
421 1977 474 2030 est.
506 1969 600 2048 Saepe
614 1975 710 2029 autem
726 1985 764 2028 ne
777 1967 847 2028 utile
856 1965 980 2045 quidem
994 1973 1040 2026 est
1055 1965 1145 2042 scire,
1165 1965 1226 2046 quid

171 2169 397 2233 liriegeversetzt,
410 2185 430 2218 s.
441 2169 524 2222 Procl.
535 2168 674 2220 Chrestom.
727 2185 781 2221 wos
798 2170 952 2232 wenigstons
969 2169 1008 2220 ols
1026 2169 1228 2220 wahrsclroinlicl

167 2237 198 2287 'in
214 2235 325 2284 Reklrers
338 2235 422 2302 Ausg.¹
433 2236 479 2285 der
496 2235 611 2286 Scholion
629 2253 676 2286 zur
728 2237 813 2302 gelteo
831 2233 895 2287 dari.
920 2235 980 2287 Wir
991 2237 1085 2288 wissen
1106 2238 1228 2301 librigeos,

172 2303 231 2354 Ilias
243 2319 267 2368 p.
279 2301 298 2352 Ι.
329 2302 417 2352 Cicero
435 2303 516 2353 selbst
532 2302 602 2353 liihrt
613 2304 676 2354 aber
728 2305 777 2355 wie
793 2305 833 2355 dio
850 2305 1020 2356 Akodamiker
1040 2305 1142 2356 uberali
1161 2305 1229 2354 locine

171 2373 305 2423 auderswo
320 2369 567 2438 (deliepuhl.ll,10,
582 2369 621 2435 18)
635 2372 675 2421 dio
729 2372 893 2438 Gewissheit,
923 2373 1032 2422 soodern
1061 2389 1111 2424 nur
1140 2372 1230 2424 Wolrr-

172 2446 413 2504 entgegengesetzte
430 2438 676 2502 llleiuungAnderor
729 2440 918 2491 schoiollclrleit
940 2441 1123 2492 enerkonnten.
1158 2440 1184 2490 S.
1208 2441 1228 2489 d.

172 2524 212 2573 an,
225 2509 287 2558 nach
300 2509 379 2558 denen
388 2507 480 2561 Homer
489 2507 675 2558 etwa30lahre
729 2508 831 2559 llioleit.
844 2508 871 2558 S.
886 2507 916 2557 13
929 2505 964 2572 lg,
1092 2509 1101 2520 “

171 2591 220 2627 vor
236 2578 290 2626 dem
303 2570 497 2642 Spartanisohen
508 2576 614 2642 Lykurg
630 2591 675 2640 ge·
764 2576 865 2628 &aiace
876 2593 934 2626 caso
945 2580 971 2626 et
982 2579 1113 2635 calamos.
1134 2575 1161 2626 S.
1174 2591 1206 2626 au
1214 2573 1230 2638 l,

174 2645 228 2694 lebt
240 2639 314 2694 labe:
334 2645 419 2696 diesen
433 2643 675 2695 abersetzter108
732 2643 771 2707 15,
788 2644 829 2694 39.

174 2712 250 2762 lehre
263 2729 310 2762 vor
320 2713 360 2762 die
373 2720 443 2764 erste
456 2711 487 2762 (tl
507 2713 604 2778 mpiade
617 2713 641 2761 d.-
652 2712 675 2762 lr.
766 2711 805 2762 13.
823 2727 840 2761 a
855 2712 988 2762 Poetmm'o
1005 2710 1097 2762 aedan
1112 2739 1148 2750 -
1164 2709 1231 2762 dedi·

173 2795 213 2830 um
227 2780 283 2846 885,
296 2796 320 2829 u.
334 2779 436 2830 Tuscul.
447 2779 478 2844 V,
489 2728 512 2842 ὅ,
526 2779 540 2830 l
554 2780 637 2830 moolt
649 2793 678 2828 or
730 2784 822 2830 calmo.
851 2779 902 2830 Der
919 2777 1023 2844 Tempel
1039 2793 1095 2830 wer
1115 2795 1173 2830 vom
1190 2778 1232 2828 Di·

173 2848 267 2897 Homer
275 2847 437 2913 undLykurg
447 2847 676 2910 auZeitgeoossen.
731 2852 814 2898 ctator
825 2845 856 2896 Α.
868 2845 1011 2898 Postumius
1023 2845 1048 2896 in
1060 2847 1108 2896 der
1118 2846 1234 2896 Sclrlaclrt

174 2913 677 2978 llenGrund,worumerjetztdenCotta
730 2930 770 2965 am
786 2914 899 2977 Regillus
919 2913 1018 2978 gelobt:
1041 2913 1151 2964 dedicirl
1166 2913 1235 2964 word

121 3018 123 3021 .
175 2980 677 3045 oea-,andernensieotfolgealesse,er·
705 3037 706 3040 Ἴ
731 2981 1120 3048 eropiitervondessenSolme.
1146 2981 1182 3032 So
1192 2982 1235 3032 be-

174 3046 316 3095 lrenntman
326 3044 454 3096 letole-
465 3047 677 3099 Diellomerisclre
731 3051 824 3100 riehtet
836 3050 890 3102 niv.
904 3049 932 3114 ll,
945 3048 984 3114 20,
1000 3049 1030 3098 12
1048 3065 1072 3098 ιι.
1090 3047 1132 3113 42,
1147 3050 1173 3113 5,
1191 3049 1235 3098 olr-

176 3112 269 3177 Stelle,
281 3111 332 3173 ‚aul
340 3112 380 3162 die
392 3129 421 3162 er
433 3113 517 3177 Bczug
528 3115 626 3179 nimum,
644 3115 678 3167 ist
730 3118 810 3182 gleich
834 3133 864 3168 er
884 3119 930 3168 der
949 3117 1124 3180 Erecheluung
1144 3117 1170 3167 ia
1192 3118 1236 3168 der

174 3179 203 3232 ll.
216 3178 255 3242 lll,
268 3177 326 3230 243.
730 3185 847 3236 Scblaolrt
858 3185 932 3237 keiue
944 3184 1108 3248 Erwdlrouog
1121 3185 1187 3236 tlrut.

208 3249 346 3300 cantheriis
361 3248 433 3300 ultas.
457 3248 548 3298 Balbus
565 3257 636 3313 sagte
648 3249 676 3317 ll,
765 3251 955 3305 &occasuro-
966 3254 1139 3321 proverbium.
1153 3252 1235 3303 Suid.:

174 3317 197 3386 2,
211 3317 227 3368 6
239 3334 297 3370 cum
308 3320 378 3386 equis
390 3317 462 3368 alto.
487 3317 538 3367 Der
552 3317 619 3382 jetzt
631 3320 674 3369 da·
730 3313 902 3390 ἀληθέστερα
914 3321 969 3372 τῶν
978 3319 1026 3370 ἐπὶ
1034 3315 1150 3390 Σάγρᾳ·
1167 3338 1237 3388 παρ-

172 3387 215 3438 iric
226 3385 590 3452 gesetzterlusdruckenthiilt
602 3387 674 3438 einen
730 3390 811 3457 οιμία
828 3387 876 3440 ἐπὶ
893 3389 949 3440 τῶν
969 3382 1083 3453 ἀληθῶν
1105 3387 1177 3456 μὲν,
1206 3382 1236 3437 οὐ

174 3456 260 3522 Spott:
279 3456 343 3506 deun
361 3456 520 3518 amalerius,
539 3456 601 3504 oder
615 3470 674 3506 omr-
729 3457 940 3527 πιστευομένων
952 3453 993 3507 δέ.
1017 3456 1238 3520 DasSpriclawort

175 3527 267 3586 terius,
290 3523 424 3587 cigentlich
442 3522 594 3589 Wullaclr,
611 3524 676 3576 wird
728 3525 784 3575 kam
804 3542 829 3575 u.
851 3541 874 3576 a.
897 3525 936 3574 bei
957 3524 1095 3575 Menander
1116 3540 1173 3574 vor.
1211 3525 1236 3573 S.

174 3592 237 3640 uuclr
249 3591 452 3642 conschlechleu
466 3591 570 3642 Mihreu
587 3599 676 3656 gesngt
729 3592 845 3644 Meloelce
867 3609 898 3642 zu
919 3593 1009 3642 deseca
1027 3591 1128 3655 Fragor.
1150 3608 1177 3658 p.
1198 3592 1236 3640 l'l.

176 3657 225 3706 wie
241 3659 360 3708 catellus.
384 3659 484 3708 Ebenso
501 3661 624 3726 spottisolr
642 3661 676 3710 ist
729 3659 812 3712 Ueber
829 3661 869 3710 die
882 3660 998 3710 Sclloclrt
1013 3675 1052 3710 am
1065 3659 1146 3722 Sagra
1165 3676 1187 3710 s.
1207 3675 1238 3708 zo

176 3723 221 3772 das
234 3722 349 3784 lolgeude
361 3725 437 3774 nullia
449 3727 584 3792 calonibus,
597 3729 675 3777 olane
728 3726 758 3790 ll,
772 3725 795 3788 2,
809 3727 833 3777 6.

176 3786 270 3838 Reitk
278 3790 398 3839 nechtc.
763 3785 795 3844 6.
811 3795 849 3843 14.
861 3794 959 3846 Niiclrat
970 3793 1017 3844 den
1031 3792 1238 3846 Gdtterersclrei·

211 3853 248 3904 Μ.
262 3853 427 3914 Catoni,den1
440 3859 506 3909 alten
520 3861 663 3912 Censorius.
730 3876 827 3923 nungeu
840 3877 925 3911 waren
937 3877 985 3910 von
996 3862 1088 3912 Bulbus
1098 3861 1139 3912 die
1150 3862 1240 3914 Weis-

214 3920 253 3970 12.
280 3920 349 3986 quod
363 3926 472 3987 protam·
489 3931 585 3992 potest,
606 3930 630 3979 d.
651 3929 675 3977 lr.
730 3929 856 3992 saguogen
869 3930 907 3978 als
920 3929 1017 3979 Reweis
1029 3927 1072 3978 liir
1084 3930 1130 3980 das
1143 3929 1239 3981 Daseio
