2622 4326
212 241 254 303 94
559 229 917 286 nnnuroaannonorr

212 391 348 471 gratiam:
364 387 439 450 tollit
453 387 497 461 id,
512 388 592 468 quod
608 387 734 448 maxime
749 385 903 466 proprium
919 390 965 444 est
979 383 1108 464 optimae
1122 392 1279 464 praestan-

212 475 399 552 tissimaeque
412 480 542 534 naturae.
566 471 650 544 -ouid
665 472 742 532 enirn
758 478 802 532 ast
813 470 917 531 melius
931 477 981 529 aut
996 468 1064 548 quid
1077 471 1277 548 praestantius

210 558 339 620 bonitate
351 567 380 620 et
390 554 601 619 beneficentia?
627 557 693 630 Qua
705 575 796 636 quum
809 573 907 616 carere
918 553 1004 614 deum
1017 553 1114 627 vultis,
1127 555 1276 616 neminem

211 644 267 704 deo
282 661 337 704 nec
350 644 439 705 deum
450 661 505 704 nec
515 641 667 702 hominem
679 659 789 714 carum,
803 638 950 700 neminem
962 639 1045 700 abeo
1061 638 1164 714 amari,
1181 639 1276 700 nemi-

211 747 281 790 uem
296 727 374 807 diligi
389 728 484 790 vultis.
513 727 556 788 Ita
576 727 621 798 fit,
642 733 750 786 utnon
770 725 860 785 modo
875 724 1012 785 homines
1027 744 1044 785 a
1058 723 1129 798 diis,
1151 724 1207 784 sed
1222 724 1275 803 ipsi

152 815 195 876 44
213 812 253 874 dii
268 813 344 875 inter
358 833 390 874 se
404 814 440 875 ab
455 812 518 875 aliis
534 811 579 872 alii
594 811 785 889 negligantur.
817 811 934 883 Quanto
950 808 1040 870 Stoici
1056 809 1180 882 melius,
1198 810 1247 889 qui
1261 829 1273 869 a

212 898 296 960 vobis
308 895 575 980 reprehenduntur!
591 896 718 957 densent
729 903 825 956 autem
837 894 984 974 sapientes
995 893 1179 972 sapientibus
1191 895 1273 955 etiam

212 984 322 1063 ignotis
338 1004 403 1046 esse
418 985 539 1045 amicos.
568 981 645 1043 Nihil
660 987 705 1041 est
719 979 798 1040 enim
814 979 920 1040 virtute
935 978 1104 1052 amabilium
1121 996 1215 1057 quam
1230 979 1271 1058 qui

133 1076 192 1129 1122
213 1071 339 1148 adeptus
356 1069 423 1138 erit,
450 1069 628 1147 ubicumque
648 1066 702 1126 erit
722 1063 866 1144 gentium,
893 1084 909 1126 a
930 1064 1016 1126 uobis
1041 1064 1187 1141 diligetur.
1219 1063 1270 1123 llos

212 1163 310 1215 autern
328 1153 398 1232 quid
419 1152 487 1211 mali
508 1153 594 1222 datis,
616 1168 707 1228 quum
726 1149 756 1210 in
777 1148 969 1210 imbecillitate
989 1149 1235 1228 gratificationem
1248 1157 1271 1208 et

211 1237 440 1297 benevolentiam
456 1234 580 1314 ponitis!
612 1235 651 1295 Ut
670 1233 748 1295 enim
770 1236 902 1296 omittam
921 1233 980 1294 vim
1000 1241 1033 1295 et.
1046 1243 1184 1295 naturam
1205 1234 1270 1294 deo-

211 1339 293 1380 rum:
312 1339 350 1380 ne
364 1319 500 1380 homines
515 1320 633 1398 quidem
648 1319 788 1392 causalia,
807 1319 865 1380 nisi
880 1318 1016 1379 imbecilli
1030 1328 1145 1392 essent,
1161 1321 1270 1380 futuros

211 1403 359 1464 beneficos
379 1411 408 1463 et
427 1403 570 1481 benignos
591 1401 703 1465 fuisse?
736 1403 819 1464 Nulla
839 1411 884 1464 est
909 1403 1012 1464 caritas
1038 1404 1181 1465 naturalis
1202 1401 1271 1463 inter

211 1485 330 1550 bonos?
361 1486 470 1549 Caram
485 1488 584 1567 ipsum
598 1489 720 1549 verbum
736 1496 782 1549 est
797 1489 917 1558 amoris,
934 1506 969 1548 ex
985 1506 1044 1567 qno
1060 1488 1206 1549 amicitiae
1220 1505 1268 1548 uo-

212 1591 281 1634 men
296 1579 341 1634 est
356 1572 491 1645 ductum3
510 1573 638 1654 quamsi
658 1574 839 1634 adtractum
858 1579 995 1632 nostrum
1014 1574 1194 1646 referemus,
1216 1589 1269 1632 non
1304 1565 1305 1578 ¹

213 1658 248 1719 ad
268 1656 344 1718 illius
366 1659 523 1720 commoda
538 1677 626 1737 quem
645 1657 813 1736 diligemus,
832 1675 894 1717 non
912 1657 968 1717 erit
986 1656 1041 1719 ista
1062 1658 1204 1730 amicitia,
1224 1656 1269 1717 sed

212 1750 376 1804 mercatura
391 1743 531 1822 quaedam
543 1743 698 1805 utilitatum
714 1761 843 1804 suarum.
858 1741 953 1803 Prata
967 1750 996 1802 ct
1006 1760 1074 1802 arva
1088 1751 1118 1803 et
1129 1741 1269 1823 pecudum

213 1844 316 1904 greges
331 1828 491 1906 diliguntur
505 1829 562 1889 isto
578 1829 679 1901 modo,
699 1828 778 1907 quod
795 1829 906 1888 tructus
922 1846 958 1887 ex
972 1827 1015 1887 eis
1031 1827 1203 1906 capiuntur:
1218 1827 1267 1887 bo-

213 1911 328 1972 minum
344 1913 449 1974 caritas
465 1921 494 1974 et
507 1913 631 1973 amicitia
644 1911 767 1990 gratuita
781 1918 834 1972 est.
862 1911 979 1985 Quanto
994 1910 1083 1990 igitur
1093 1916 1189 1992 magis
1205 1912 1268 1972 deo-

214 2014 294 2069 rum,
308 1997 359 2076 qui
375 1997 454 2057 nrdla
469 2017 501 2058 re
516 2005 633 2074 egentes
649 2004 678 2056 et
691 1995 768 2056 inter
783 2015 815 2055 se
830 1995 953 2074 diligunt
972 2005 1001 2057 et
1014 1996 1268 2059 hominibus'con-

214 2081 322 2142 sulunt.
353 2081 438 2155 Quod
459 2082 489 2142 ni
508 2081 548 2143 ita
563 2081 614 2155 sit,
636 2081 705 2161 quid
720 2099 906 2155 veneramur,
923 2081 991 2161 quid
1008 2099 1166 2158 precamur
1180 2077 1268 2143 deos?

214 2183 267 2226 cur
281 2165 372 2226 saeris
395 2166 564 2245 pontifices,
586 2184 638 2225 our
661 2165 800 2245 auspiciis
820 2185 945 2246 augures
965 2164 1130 2245 praesunt?
1151 2166 1222 2247 qnid
1240 2185 1268 2226 o·

213 2260 331 2328 ptamus
346 2269 362 2311 a
377 2250 432 2311 diis
447 2247 684 2311 immortalibus?
703 2249 773 2330 quid
787 2249 950 2312 voremus?
978 2252 1016 2312 At
1034 2251 1122 2314 etiam
1140 2252 1215 2313 liber
1232 2258 1269 2311 est

211 2506 294 2572 napta
307 2497 383 2561 δόξα.
402 2490 561 2554 Uabera'dam
573 2501 623 2564 vgl.
634 2517 666 2550 an
675 2499 714 2568 ΠΙ,
803 2502 866 2568 pald
879 2503 943 2582 malt
958 2503 1043 2554 datis?
1065 2501 1093 2554 in
1105 2505 1153 2584 der·
1164 2503 1268 2582 Spraebe

212 2569 332 2688 wlcrllllri
339 2663 375 2674 ·-
385 2635 465 2703 delegi.
485 2636 714 2688 beidetusdriiake
767 2571 1149 2690 pppmppppppppnpplpppaspsvt
1163 2572 1268 2690 alii‘lrrerel¹

211 2704 313 2754 werden
326 2705 410 2770 biiulig
420 2706 575 2757 verbunden:
589 2707 633 2756 der
645 2713 714 2756 erate
767 2708 897 2766 ursaoben,
910 2707 1053 2771 anriobten,
1065 2723 1098 2756 zu
1111 2706 1195 2772 Wege
1207 2707 1268 2757 brin-

211 2771 271 2834 gebt
290 2771 337 2822 aul
354 2775 409 2854 eine
425 2775 496 2824 mehr
512 2773 714 2825 unwilllriirliebe
767 2789 839 2854 gen..
857 2773 956 2824 Malam
976 2773 1039 2825 dara
1059 2774 1144 2838 biinlig
1164 2775 1205 2827 bei
1226 2775 1267 2824 dau

210 2837 445 2908 Heraeusnergung,
475 2844 522 2893 dar
548 2843 642 2892 andere
671 2840 717 2891 aul
767 2839 912 2892 Romrlern.

190 2906 266 2962 'cina
294 2905 450 2970 begriindcta
473 2909 714 2972 Wertbscbiitauag.
801 2948 827 2994 m
839 2943 1017 2995 mmmm
1041 2944 1100 3006 νει.
1114 2946 1145 2996 de
1157 2944 1266 2995 Ammo·

208 2975 309 3025 Armant
319 2974 356 3024 dat
367 2976 495 3038 betulinas,
513 2978 572 3027 weil
591 2993 619 3026 es
631 2977 656 3026 in
668 2977 714 3025 der
767 3011 792 3074 9,
806 3010 851 3060 29:
870 3027 947 3078 quam
964 3011 1178 3076 (mmmm)
1196 3013 1268 3078 siqu.

209 3040 713 3161 pertractandatritae
765 3077 1268 3148 aaut

210 3176 324 3243 diligevat
333 3177 371 3228 aa·
380 3178 507 3239 domairac,
521 3177 601 3227 iudem
615 3178 652 3228 sie
664 3179 712 3228 den
767 3149 809 3210 αι’
818 3163 867 3214 {²⁰²⁸
875 3163 948 3229 luem
961 3151 1115 3230 ΜΨΜΤ
1124 3148 1195 3214 ‘lm'd
1202 3163 1268 3230 ‘m'

210 3244 342 3296 Frommen
356 3246 405 3295 und
419 3245 608 3308 Tugendbaiten
621 3245 712 3297 besan·
766 3230 815 3280 Ψ
827 3215 968 3296 dffldffl'l’
984 3215 1105 3266 lumem
1120 3233 1186 3268 ’Μ’
1197 3216 1267 3297 ’'⁰¹⁸3‘'

767 3287 849 3348 pumat
859 3287 886 3332 ct
894 3298 1000 3334 minema
1008 3299 1177 3351 garrerosam,
1195 3289 1226 3336 ut
1235 3287 1267 3334 ata

211 3314 270 3363 ders
282 3312 410 3363 huldreicb
421 3314 471 3362 und
482 3312 622 3363 freuudlicb
635 3329 711 3378 auge·
767 3349 856 3414 dmm,
870 3355 956 3401 ortum
967 3353 1102 3402 mam

210 3383 269 3432 tban
282 3381 345 3431 sind.

243 3457 297 3584 ab.
314 3465 635 3516 camaracenorum.
653 3465 711 3528 Vgt.
800 3466 1068 3520 uatirammsaaruna
1079 3467 1266 3518 Genauerwtira

209 3535 240 3584 dc
277 3535 332 3584 mio.
349 3550 370 3584 c.
389 3532 413 3598 8,
432 3533 477 3584 28:
498 3533 565 3584 tribil
584 3537 625 3584 cat
644 3535 712 3583 enim
764 3537 923 3585 nostrarum:
955 3535 1025 3586 Aber
1044 3537 1076 3586 da
1095 3536 1129 3586 im
1145 3535 1265 3598 Vorlrarg.

208 3603 345 3654 arnabilius
356 3603 464 3668 iactata,
475 3602 539 3653 cabil
548 3601 616 3668 quod
625 3603 711 3666 magde
766 3601 806 3651 die
818 3608 887 3652 erate
899 3601 995 3652 Person
1007 3620 1055 3653 nur
1066 3604 1110 3653 das
1122 3604 1265 3668 allgemeiuc

208 3668 306 3720 adiciat
315 3670 351 3721 ad
357 3670 523 3738 diligaadmn,
535 3674 626 3738 qadppa
634 3685 712 3735 quum
765 3684 790 3718 u.
802 3668 977 3720 uubestimmte
990 3671 1094 3722 Subiect
1104 3671 1201 3738 aliquia
1212 3687 1265 3722 ver·

207 3741 316 3806 propter·
330 3742 452 3790 cartolam
463 3744 489 3789 at
502 3741 657 3806 probitatem
668 3752 712 3786 aas
742 3769 746 3776 ·
766 3736 833 3796 tritt,
846 3751 874 3786 so
886 3738 921 3788 ist
931 3739 977 3787 der
986 3738 1135 3803 Uebergang
1143 3756 1201 3790 aura
1210 3739 1266 3790 Poa-

202 3809 293 3866 atr'am,
306 3823 369 3874 paor
380 3823 511 3872 nunquam
522 3805 638 3871 aidanus,
649 3819 711 3869 quo·
767 3802 890 3854 uessicam
900 3805 947 3855 der
955 3805 1050 3856 dritten
1059 3806 1131 3858 Pera.
1142 3807 1220 3858 leiobt
1228 3821 1264 3856 er·

205 3873 343 3928 ‚dammodo
355 3875 501 3941 dtdgmaaa.
766 3867 881 3921 klirlieb.
