2612 4328
166 285 226 348 178
517 281 561 332 nn
580 278 718 332 narona
734 278 874 332 ononuu

95 451 143 506 152
164 436 258 516 saepti
272 435 380 514 frigora
396 437 564 513 caloresque
578 433 729 512 pellamus.
759 433 881 510 llagnos
901 451 972 492 vero
991 451 1066 494 usus
1088 435 1178 496 affert
1199 437 1240 496 ad

104 593 115 607 ⁶
162 521 276 599 navigia
290 521 430 593 facienda,
447 537 574 599 quorum
590 518 726 579 cursibus
741 517 966 596 suppeditantur
978 536 1083 579 omnes
1100 519 1238 600 undique

163 607 303 668 advitam
318 605 432 684 copiae:
448 621 579 684 quasque
593 621 641 664 res
652 601 878 663 violentissimas
889 610 992 664 natura
1004 603 1113 680 genuit,
1128 623 1238 665 earum

162 690 395 752 moderationem
410 707 467 750 nos
483 688 538 749 soli
553 688 704 760 habemus,
721 687 810 747 maris
826 691 913 765 atque
925 695 1088 761 ventorum,
1105 697 1236 768 propter

162 775 345 836 nauticarum
361 792 461 834 rerum
481 773 646 847 scientiam,
666 771 858 851 plurimisque
877 771 1032 832 maritimis
1047 773 1141 834 rebus
1157 774 1234 834 frati-

162 879 229 921 mur
249 868 333 938 atquc
353 860 470 919 utimur.
506 858 703 917 Terrenorum
723 857 794 917 item
816 858 1041 917 commodorum
1064 859 1162 918 omnis
1182 869 1234 918 est

162 945 194 1006 in
203 945 325 1005 homine
336 945 513 1004 dominatus.
536 941 598 1002 Nos
611 941 732 1021 campis,
747 959 803 1000 nos
815 941 965 1002 montibus
978 942 1121 1016 fruimur3
1132 944 1232 1004 nostri

163 1037 232 1090 sunt
247 1047 360 1102 amnes,
375 1028 469 1089 nostri
484 1029 579 1088 lacus:
599 1044 655 1086 nos
671 1028 768 1104 fruges
785 1025 925 1099 serimuS,
939 1045 996 1086 nos
1012 1025 1149 1100 arbores3
1169 1045 1228 1088 nos

162 1133 305 1192 aquarum
319 1113 540 1174 inductionibus
555 1111 641 1190 terris
663 1109 868 1171 secunditatem
889 1111 1009 1184 damus;
1029 1130 1085 1171 nos
1106 1113 1229 1172 llumina

162 1215 310 1268 arcemus,
332 1197 497 1274 dirigimus,
516 1195 690 1268 avertimus3
709 1195 821 1262 nostris
837 1195 963 1273 denique
978 1197 1117 1258 manibus
1133 1197 1166 1256 in
1179 1215 1227 1256 re-

102 1281 143 1342 ul
162 1300 230 1341 rum
245 1289 348 1340 natura
362 1281 444 1358 quasi
460 1282 576 1341 alteram
593 1287 727 1341 naturam
740 1280 852 1340 efficere
864 1297 1016 1340 conamur.
1045 1281 1122 1353 Quid
1135 1279 1226 1342 vero?

94 1373 142 1424 153
163 1365 319 1426 hominum
333 1365 407 1425 ratio
423 1382 484 1424 non
503 1365 534 1424 in
554 1366 667 1426 caelum
682 1383 776 1443 usque
795 1363 978 1443 penetravit?
1009 1365 1070 1424 Soli
1090 1367 1171 1426 enim
1190 1385 1226 1424 ex

162 1449 359 1510 animantibus
374 1468 431 1510 nos
447 1459 707 1521 astronomicus,
724 1449 821 1509 obitus
837 1467 999 1527 cursusque
1014 1451 1225 1527 cognovimus3

161 1534 196 1595 ab
211 1534 365 1594 hominum
383 1553 488 1612 genere
503 1534 602 1594 finitus
618 1541 664 1594 est
679 1534 756 1605 dies,
771 1533 898 1606 mensis,
915 1551 1025 1605 annus,
1045 1534 1224 1595 delectiones

156 1614 234 1680 'solis
249 1627 276 1680 et
292 1619 376 1680 lunae
392 1620 526 1698 cognitae
540 1618 760 1698 praedictaeque
775 1617 806 1678 in
821 1637 908 1678 omne
923 1626 1078 1697 posterum
1094 1627 1223 1698 tempus

160 1723 242 1782 quae,
258 1712 389 1782 quantae,
405 1704 520 1785 quando
537 1707 649 1764 suturae
664 1704 731 1763 sint.
759 1703 839 1774 Quae
855 1711 998 1764 contuens
1014 1703 1131 1764 animus
1148 1703 1224 1766 acci-

160 1789 205 1867 pit
219 1789 254 1850 ab
269 1789 315 1849 his
335 1790 533 1868 cognitionem
553 1788 691 1860 deorum,
712 1807 746 1847 ex
767 1805 824 1866 qua
844 1788 937 1848 oritur
955 1787 1063 1867 pietas,
1084 1789 1130 1848 cui
1151 1806 1223 1848 con-

160 1873 257 1934 iuncta
273 1874 381 1935 iustitia
397 1883 442 1935 est
461 1874 645 1952 reliquaeque
665 1873 800 1943 victuma,
822 1871 958 1952 equibus
976 1872 1034 1932 vita
1047 1873 1132 1934 beata
1147 1874 1225 1934 exsi-
1273 1885 1275 1893 ’

161 1958 211 2018 stit
224 1977 279 2037 par
294 1967 322 2018 et
337 1958 440 2019 similis
457 1960 595 2030 deornm,
615 1957 692 2018 nulla
708 1956 762 2018 alia
776 1975 808 2016 re
822 1957 879 2016 nisi
894 1957 1129 2031 immortalitate,
1152 1977 1225 2037 quae

196 2157 251 2206 152.
263 2159 353 2220 effert.
370 2157 664 2221 llasSubjcctarborum
717 2157 753 2222 X,
770 2157 854 2219 1,102
872 2173 929 2207 vom
946 2157 1043 2207 Sallust
1059 2157 1111 2207 und
1128 2159 1225 2223 Livius,

160 2226 285 2293 consectic
300 2227 430 2290 ornatisque
441 2228 551 2276 mutereo
567 2226 602 2275 ist
618 2241 663 2275 aus

160 2293 215 2345 dem
243 2292 497 2356 vorhcrgegangenen
525 2292 602 2342 Sttze
632 2309 665 2341 zu

160 2375 189 2410 su
225 2359 298 2408 liren.

217 2418 245 2477 1.
275 2425 330 2476 153.
375 2430 442 2478 ieter
465 2430 507 2480 cut¹
529 2428 663 2478 coniuncta

158 2498 259 2546 iustitia
276 2500 322 2546 est.
351 2445 420 2547 ie'ach
437 2497 483 2545 der
500 2495 563 2544 oben
580 2495 603 2558 l,
620 2494 661 2558 41,

160 2562 208 2613 116
220 2565 364 2628 gegebenen
377 2563 511 2614 Definitiou
530 2564 564 2613 ist
577 2565 662 2630 pietas

158 2633 239 2682 selbst
256 2635 357 2684 lustitia
368 2633 503 2684 udrcrsum
517 2630 586 2682 deor.
610 2631 661 2679 Das

157 2698 272 2763 fulgenda
284 2701 443 2768 reliquaeque
454 2704 561 2751 eu'rtutes
573 2699 661 2748 dentet

157 2768 203 2818 auf
209 2769 255 2818 den
266 2767 480 2832 Zusammenhang
489 2768 554 2818 aller
561 2767 661 2830 Tagen·

157 2835 204 2885 den
221 2842 296 2885 unter
312 2837 444 2900 einander,
462 2837 502 2887 dic
519 2837 661 2886 coniunctio

157 2904 326 2966 corpfusioque
344 2907 481 2963 curtutaun,
502 2904 550 2952 wie
571 2902 660 2951 Cicero

157 2975 214 3029 sagt
226 2968 256 3016 de
269 2968 341 3017 Finn.
354 2971 385 3032 V,
399 2970 440 3033 23,
453 2970 498 3033 67,
513 2971 608 3020 welche
621 2969 660 3018 uls

157 3034 197 3084 eiu
211 3031 354 3084 Grundsutz
372 3037 417 3084 der
434 3037 566 3085 Stoisclrcu
583 3036 660 3089 Etlrik

156 3100 241 3162 hiinfig
253 3102 365 3151 erwdhnt
377 3103 449 3151 wird.
474 3103 531 3164 Vgl.
545 3102 616 3164 Πίος.
629 3102 659 3150 L.

156 3166 210 3230 Vll,
225 3167 286 3217 125:
303 3163 353 3224 τὰς
369 3167 399 3219 dt
416 3165 516 3236 ἀρετὰς
531 3167 662 3234 λέγουσιν

156 3229 375 3288 ἀντακολουθεῖν
388 3231 530 3300 ἀλλήλαις,
548 3236 594 3285 καὶ
611 3231 660 3288 τὸν

154 3307 225 3373 μίαν
238 3301 336 3372 ἔχοντα
350 3300 445 3360 πάσας
457 3302 537 3371 ἔχειν.

186 3389 237 3442 pur
252 3379 278 3424 ct
294 3374 393 3424 similis.
417 3373 492 3423 Bcidc
509 3371 657 3422 Ausdriicke

154 3444 255 3492 werden
279 3443 363 3507 lraiufig
379 3443 536 3504 verbunden,
558 3455 599 3489 nm
616 3440 657 3489 die

154 3511 338 3561 voltkcmmene
350 3509 527 3561 Acholichkeit
543 3509 567 3558 in
582 3507 657 3570 jcder

718 2227 754 2275 sie
768 2225 836 2274 scien
846 2241 924 2292 pares
936 2229 1020 2290 magis
1032 2241 1109 2291 quum
1118 2227 1225 2290 rinuler,

718 2294 743 2343 d.
753 2295 776 2342 h.
788 2307 837 2342 von
847 2293 928 2355 gleich
938 2295 1025 2342 lichem
1030 2293 1149 2356 werthe,
1161 2295 1225 2343 aher

717 2376 766 2412 von
783 2360 928 2422 ungleicher
940 2361 1154 2422 Besclraffcnlreit3
1173 2363 1224 2410 und

718 2427 814 2478 Seneca
826 2429 856 2476 de
868 2429 906 2477 ira
919 2426 940 2491 l,
954 2428 969 2476 9
985 2443 1035 2477 von
1052 2429 1100 2477 den
1112 2429 1224 2478 Leiden-

718 2494 843 2544 schaften:
861 2511 923 2560 quor
938 2497 1075 2559 (effectur)
1090 2511 1224 2562 uunquam

716 2562 860 2630 depremere
869 2566 962 2630 pareds,
974 2565 1027 2613 uisi
1033 2578 1113 2630 parer
1125 2563 1176 2614 dtis
1187 2568 1225 2613 si-

714 2631 835 2696 milesque
858 2633 1022 2698 opporuert's,
1047 2631 1070 2680 d.
1092 2633 1116 2680 h.
1139 2632 1224 2694 gleiclr

717 2698 803 2747 starke
815 2699 865 2747 und
879 2698 1000 2748 dholiche.

749 2766 856 2816 deorum
867 2765 909 2815 fur
920 2769 987 2816 ritue
996 2767 1116 2816 deorum:
1130 2767 1187 2816 eine
1197 2767 1224 2815 in

716 2834 818 2882 solchcn
842 2833 1133 2896 Vergleiclmngss'dtzen
1156 2849 1224 2896 ganz

715 2901 887 2964 gewdhnliche
894 2901 1057 2964 Ahkiirzung,
1068 2903 1137 2965 duas,
1146 2917 1224 2950 wenn

714 2969 844 3018 Attribute
862 2969 956 3017 zweicr
968 2968 1147 3032 Gegcost'aiude
1159 2985 1224 3018 ver-

715 3037 812 3098 glichen
825 3038 940 3099 werden,
958 3037 991 3086 im
1008 3037 1116 3086 zweiten
1131 3036 1224 3087 Gliedc

715 3110 778 3154 statt
790 3105 834 3154 des
844 3104 986 3154 Attributcs
999 3106 1045 3154 der
1055 3103 1224 3168 Gcgenstand

714 3171 794 3220 selbst
813 3177 913 3234 gesetzt
930 3173 1001 3220 wird.
1028 3171 1085 3235 Vgl.
1105 3173 1158 3222 Cic.
1182 3188 1222 3237 pr.

713 3237 796 3288 Flocc.
809 3255 829 3287 c.
844 3238 890 3288 26:
909 3241 983 3290 cuiue
995 3256 1043 3303 ego
1057 3243 1170 3290 ciuitatis
1184 3240 1225 3290 di-

711 3305 1225 3437 iddi'ssssss'ldil'ifflidiilil”ail

710 3444 758 3494 clr's
766 3445 887 3505 gentibus
896 3448 1056 3510 anteponam.
1070 3443 1108 3493 De
1119 3443 1223 3509 republ.

709 3507 743 3570 ll,
770 3509 795 3558 1:
818 3515 953 3577 praestare
975 3515 1082 3560 casuue
1106 3514 1226 3562 etaetatis

153 3575 297 3641 Bczielruog
317 3580 526 3644 auszusprechen.
564 3575 664 3627 Unter-·
709 3580 807 3626 etatum
819 3581 910 3628 ceteris
923 3581 1075 3628 cirdtuttdur.
1098 3579 1130 3628 de
1141 3579 1189 3630 0r.
1205 3578 1225 3638 l,

155 3643 270 3694 schiedeu
291 3647 347 3696 sind
367 3647 439 3696 beide
459 3662 501 3709 so,
526 3646 584 3694 dass
607 3660 657 3711 pur
710 3645 737 3692 4:
771 3648 874 3709 tragedia
901 3651 1052 3697 nostrorum
1083 3647 1226 3698 coruinum

153 3710 223 3757 mehr
234 3711 279 3758 auf
289 3713 335 3760 deu
347 3714 444 3776 Wcrth‚
458 3715 498 3763 die
511 3713 656 3774 Bcdeutung
709 3711 818 3760 multum
834 3716 925 3764 ceteris
943 3715 1090 3765 lroraim‘dur
1102 3719 1226 3765 omniurn

154 3776 216 3823 oder
231 3776 271 3824 die
288 3775 374 3839 llrnlt,
392 3781 482 3829 similia
499 3778 544 3829 auf
557 3781 596 3828 die
608 3779 656 3828 Be·
706 3782 823 3842 gentium
830 3784 1070 3846 praestiterunt—
1083 3781 1138 3831 Der
1148 3783 1225 3842 Satn,

154 3841 327 3902 sanarentur,
347 3845 382 3892 sei
400 3861 428 3894 es
445 3846 599 3896 ausseuiehe
615 3847 654 3894 sei
709 3845 767 3893 dass
784 3847 830 3894 der
848 3847 934 3897 Weise
947 3877 981 3886 -
996 3849 1047 3897 uod
1064 3849 1165 3899 diesem
1182 3849 1225 3899 ul-

154 3923 182 3957 as
195 3907 296 3972 iuuere,
312 3910 380 3971 geht.
405 3911 437 3960 So
452 3919 508 3973 sagt
519 3911 653 3976 Quintilian
708 3910 758 3960 lein
772 3912 876 3977 kannja
889 3915 943 3964 eine
957 3919 1009 3966 tu'la
1022 3917 1098 3966 deute
1111 3918 1226 3967 znkom·
