2612 4328
395 282 509 336 mum.
532 279 819 336 cumessam.
960 355 967 370 Ι
1017 299 1023 314 =
1075 285 1138 348 227

72 436 100 498 si
115 435 164 495 bis
179 434 255 496 vitiis
269 433 343 495 ratio
358 451 420 532 rpon
435 435 592 498 subesset?
621 437 719 496 Medea
734 437 825 496 modo
841 443 869 496 et
883 432 990 497 Atreus
1006 455 1137 499 comme·
1154 443 1196 504 29

72 518 269 580 morabantur
280 537 296 578 a
308 519 406 592 nobis,
421 521 554 582 heroicae
564 538 718 600 personae,
734 520 804 580 inita
816 520 1015 599 subductaque
1026 523 1138 583 ratione

72 603 186 665 nolana
206 603 314 664 seelera
332 604 515 666 meditantes.
546 603 645 679 Quid?
671 604 798 665 levitates
817 603 968 665 comicae?
995 615 1138 684 parumne
1158 617 1190 669 72

73 707 195 768 semper
209 689 239 748 in
254 689 368 750 ratione
382 688 557 752 versantur?
582 691 730 752 Parumne
746 688 889 749 subtiliter
905 689 1034 768 disputat
1047 691 1093 754 ille
1107 692 1138 752 iu

72 770 243 846 Eunucho?
397 827 400 839 ,

117 872 198 945 Quid
212 878 301 952 igitur
314 873 448 956 sadum?
462 911 505 919 —
520 911 561 920 -

117 959 265 1029 Eccldsit,
281 971 412 1020 revocet:
428 957 569 1021 rideam?
597 957 679 1030 Non,
701 963 727 1018 sl
740 977 784 1018 me
801 957 935 1019 obsecret.

72 1061 124 1122 llls
140 1079 208 1121 vero
225 1061 254 1120 in
271 1060 452 1140 Synephebis
468 1061 708 1122 Academicorum
726 1079 811 1121 more
830 1067 933 1120 contra
948 1077 1136 1120 communem

73 1145 246 1224 opinionem
267 1163 328 1205 non
347 1145 460 1206 dubitat
478 1165 608 1225 pugnare
627 1144 752 1218 ratione,
779 1145 828 1224 qui
850 1148 882 1204 in
901 1161 1012 1205 umore*
1024 1162 1136 1205 suornm

72 1247 243 1308 summoque
258 1233 358 1309 inopia
371 1249 460 1290 suove
475 1249 532 1292 esse
551 1231 632 1303 dicit,

113 1331 268 1410 portarem
282 1329 388 1390 babere
403 1335 544 1403 codrum,
558 1331 723 1410 illepidum,
739 1334 771 1390 io
787 1329 893 1390 llberos

118 1413 286 1495 difficilem,
302 1419 353 1494 qui
366 1425 391 1475 te
405 1417 458 1475 nic
474 1427 550 1476 umet
561 1435 613 1476 occ
628 1417 740 1476 sbtdedt
753 1417 803 1473 toi.

72 1517 169 1595 Atque
183 1516 251 1576 huic
265 1516 425 1577 incredibili
441 1517 599 1577 sententiae
614 1515 791 1576 ratiunculas
808 1514 949 1589 suggerit:
1157 1525 1188 1574 73

117 1616 176 1677 Aut
189 1625 220 1676 to
234 1616 318 1676 illum
331 1618 433 1695 fructu
446 1615 554 1696 fiilos,
572 1625 624 1676 aot
633 1633 690 1695 per
705 1615 816 1676 litteras

118 1701 237 1762 ooirtos
252 1700 370 1782 aliquod
383 1703 502 1772 odmen,
519 1710 570 1761 aut
580 1719 636 1780 per
651 1697 799 1760 siroolum

112 1787 262 1866 percutias
272 1786 431 1865 pavidum:
449 1789 596 1865 pistramo
613 1804 630 1844 o
643 1787 737 1863 porci
748 1794 834 1862 patre

117 1871 195 1950 quod
208 1872 321 1943 summ,
338 1881 445 1949 quanto
461 1872 585 1950 dissipas
599 1860 748 1929 libentius!

73 1971 212 2049 Idemque
230 1970 342 2031 lacilem
362 1979 390 2030 et
407 1971 555 2031 liberalem
574 1978 688 2050 patrem
707 1968 930 2030 incommodum
946 1987 1011 2029 esse
1026 1971 1133 2030 amanti

73 2056 134 2116 tilio
151 2055 292 2134 disputat,

116 2175 200 2236 qoem
213 2158 304 2236 nique
319 2174 373 2236 quo
385 2167 472 2235 pacto
486 2155 609 2236 foliam,
624 2174 714 2236 oeque
728 2157 840 2217 atinde
856 2156 1004 2234 adseram,

116 2259 170 2301 nec
186 2241 268 2320 qoe'm
283 2241 382 2302 dolrem
396 2243 434 2302 od
448 2261 514 2302 eum
530 2251 581 2302 out
594 2240 760 2302 mdcbioom
776 2240 960 2311 commoliar,

116 2328 176 2386 scio
192 2325 362 2405 quidquam:
378 2330 420 2387 ito
436 2345 533 2387 omues
547 2330 623 2386 meos
639 2326 734 2397 dolos,
748 2325 902 2405 solidatos,

112 2413 289 2490 praestigios
300 2415 477 2489 proesttom't
492 2411 678 2472 commodetis
689 2414 793 2490 putris.

73 2511 151 2586 Quid
163 2530 232 2590 ergo
243 2511 293 2572 isti
304 2509 386 2573 doli?
398 2511 466 2592 quid
479 2508 651 2572 machinae?
667 2510 736 2589 quid
749 2508 873 2570 fallaciae
882 2505 1134 2586 praestigiaeque?

72 2615 146 2658 num
162 2597 225 2656 sine
240 2595 353 2656 radone
364 2615 429 2656 esse
443 2593 670 2674 potuerunt‘i·0
682 2593 863 2672 praeclarum
875 2609 983 2652 munus
994 2590 1133 2651 deorum!

72 2689 106 2742 ut
120 2681 264 2742 Phormio
280 2680 375 2759 possit
389 2680 497 2752 dicere,

118 2781 194 2843 Ce'do
209 2799 318 2842 senem:
332 2784 393 2842 tom
407 2783 549 2842 instricta
563 2792 630 2841 suot
643 2783 686 2839 mi
698 2782 730 2840 io
745 2776 830 2838 cdrde
847 2757 968 2836 cunulis
983 2779 1090 2837 dmoio.

73 2884 133 2944 Sed
148 2898 286 2943 exeamus
302 2902 317 2942 c
333 2884 460 2944 theatro:
480 2883 631 2944 veniamus
646 2881 676 2940 in
692 2882 798 2940 lorum.
830 2878 951 2938 Sessum
968 2876 990 2938 it
1004 2884 1132 2956 praetor.
1150 2883 1192 2945 bb

72 2968 153 3042 Quid
166 2976 200 3028 ut
214 2964 377 3028 iudicetur?
393 2968 449 3042 Qui
464 2966 636 3028 tabularium
651 2963 819 3026 incenderit.
851 2961 936 3036 Quod
953 2961 1064 3023 lacinus
1077 2973 1133 3024 'oc-
1155 2977 1188 3027 74

72 3049 195 3114 cultiusl
211 3051 243 3112 ld
259 3073 290 3113 se
306 3054 339 3126 Q.
357 3053 476 3129 Sosius,
493 3052 662 3134 splendidus
678 3067 768 3130 eques
782 3048 933 3110 Romanus
948 3067 984 3110 ex
998 3066 1067 3128 agro
1083 3048 1133 3109 Pi-

106 3228 161 3290 29.
185 3238 225 3288 72.
248 3239 363 3291 lorr‘totes
379 3244 501 3307 comicae,
518 3242 542 3290 d.
555 3242 578 3290 h.
667 3239 707 3290 73.
736 3237 801 3288 Cedo
826 3253 921 3288 rsnmrr.
952 3235 1006 3285 Ans
1030 3202 1137 3281 'ferent'
1197 3255 1201 3262 ·

70 3307 338 3374 quatastneomoedtu
348 3314 579 3376 proponentem-
630 3308 730 3360 Pborm.
743 3306 772 3373 ll,
785 3305 808 3372 2,
822 3306 845 3355 7.
1055 3367 1061 3378 ι

70 3375 119 3426 llis
132 3373 264 3438 folgenden
277 3375 358 3425 Verso
376 3378 431 3425 sind
448 3377 527 3440 gleicb
545 3393 578 3425 zu
665 3364 717 3427 80.
745 3373 785 3423 74.
815 3371 864 3432 Qui
880 3368 1036 3418 tabularium
1050 3378 1134 3412 mcor·

70 3441 174 3506 Aulang
185 3443 217 3491 im
230 3443 365 3492 Eunuchos
378 3445 422 3493 des
434 3443 541 3494 Terenz.
630 3443 705 3495 derit.
729 3442 764 3491 lm
775 3437 909 3490 ltuliscbcn
922 3434 983 3482 oder
993 3432 1133 3508 Bundesgs3

104 3514 133 3560 io
144 3508 311 3578 Synephebis.
336 3511 361 3560 S.
374 3527 405 3560 zu
415 3513 433 3571 l,
446 3511 469 3574 6,
484 3510 523 3559 13.
630 3507 810 3567 nosssnlriegc
824 3502 917 3578 taurde¹
927 3501 970 3548 dus
983 3499 1077 3577 Archiv
1089 3499 1134 3577 den

105 3579 268 3628 studeattui.
293 3579 327 3628 So
337 3579 399 3627 wird
412 3593 460 3628 von
471 3578 574 3628 Plautus
630 3578 704 3628 Studt
731 3571 882 3622 Heraclea
911 3583 935 3616 ru
959 3566 1084 3615 Lucunrsu
1108 3581 1132 3614 m

71 3661 171 3764 iiimr
185 3647 230 3763 'ii‘
251 3645 575 3763 tultlt‘tttlfttt
630 3629 1132 3765 ltttttttlhll{atluth-,tl

62 3729 196 3848 subiiciet
208 3750 305 3843 Ait'tl,
320 3779 343 3846 2,
356 3780 397 3829 67.
485 3749 491 3760 ⁸
629 3750 713 3828 meiat.
748 3773 862 3825 Nibaros
883 3771 916 3820 ist
936 3770 1045 3820 dardbsr
1066 3770 1133 3820 nicht

17 3901 20 3912 ,
106 3847 210 3916 aliquod
224 3863 328 3898 omnen:
346 3849 418 3896 einen
437 3847 575 3912 Sohuldpo·
629 3844 752 3905 belauntt
778 3843 840 3893 auch
861 3839 930 3890 nicht
950 3838 1013 3888 iiber
1032 3838 1080 3887 den
1103 3836 1132 3901 Q.

72 3926 137 3968 sten.
630 3913 751 3962 Sosius.
781 3909 830 3960 llas
848 3907 966 3960 Pelidicat
985 3903 1133 3976 splendidos

814 4035 820 4042 .
880 3989 934 4042 15*
