2622 4326
189 271 239 350 on,

188 423 263 484 ratio
278 439 340 482 uon
355 428 466 500 posset,
481 438 533 480 eos
549 420 584 480 ad
601 420 731 481 officium
745 419 846 497 religio
863 419 996 488 duceret,
1012 431 1113 476 noune
1129 433 1251 478 omnem

189 506 360 586 religionem
375 504 505 566 funditus
520 501 723 567 sustulerunt?
754 499 854 577 Quid?
883 500 1028 562 Prodicus
1041 499 1127 573 Ceus,
1144 500 1198 580 qui
1212 519 1251 576 ea,

190 609 265 671 quae
281 590 457 670 prodessent
471 589 624 652 hominum
640 590 726 662 ritae,
746 590 871 650 deorum
886 585 916 646 in
932 603 1056 646 numero
1071 585 1171 646 habita
1188 603 1252 646 esse

120 685 169 737 119
189 676 272 750 dixit,
292 693 378 755 quam
398 674 517 736 tandem
535 675 704 754 religionem
724 670 861 753 reliquit?
902 667 1001 743 Quid?
1021 669 1071 749 qui
1090 679 1142 731 aut
1160 672 1250 732 fortes

190 769 239 822 aut
258 761 353 822 claros
372 760 664 839 autpotentesviros
679 761 798 821 tradunt
813 762 1023 838 postmortem
1039 755 1074 816 ad
1091 755 1167 816 deos
1183 775 1250 834 per-

172 845 313 919 uenisse,
329 863 440 924 eosque
454 864 520 905 csse
536 845 627 925 ipsos,
644 864 720 924 quos
736 863 792 905 uos
810 843 916 913 coiere,
934 839 1046 920 precari
1060 841 1251 920 venerarique

189 931 350 1003 soleamus,
366 947 465 990 nonne
480 938 614 1008 expertes
631 937 701 989 sunt
715 929 888 1008 religionum
905 922 1059 986 omnium?
1083 943 1161 1004 quae
1175 925 1248 986 ratio

189 1014 316 1077 maxime
335 1021 453 1075 tractata
469 1014 504 1073 ab
519 1013 684 1074 Euhemero
699 1021 757 1074 est:
778 1031 863 1092 quem
879 1019 983 1072 noster
997 1017 1025 1070 et
1039 1011 1248 1090 interpretatus

190 1107 218 1160 et
238 1107 357 1173 secutus
377 1105 422 1158 est
439 1107 555 1175 praeter
574 1104 687 1157 ceteros
707 1093 828 1158 Ennius.
858 1097 902 1157 Ab
921 1095 1091 1156 Euhemero‘
1109 1103 1212 1156 autem
1225 1103 1250 1156 et

189 1191 302 1243 mortes
323 1191 351 1242 et
371 1182 537 1259 sepulturae
557 1182 796 1244 demonstrantur
816 1183 949 1244 deorum.
980 1181 1084 1241 Utrum
1100 1179 1194 1258 igitur
1206 1180 1249 1240 hic

190 1267 380 1326 confirmasse
400 1265 512 1326 videtur
536 1265 721 1344 religionem,
746 1286 783 1328 an
810 1267 926 1348 penitus
953 1273 1044 1328 totam
1071 1260 1247 1326 sustulisse?

190 1349 300 1411 Omitto
316 1349 461 1422 Eleusina,
477 1358 609 1412 sanctam
623 1351 699 1413 illam
716 1361 744 1412 et
759 1360 920 1432 augustam,
1019 1365 1021 1372 ’

290 1485 332 1495 ——
346 1450 399 1512 obi
411 1453 565 1512 coitiuntur
578 1453 673 1532 gentes
689 1471 813 1515 crorum
827 1453 954 1514 ulamau.

189 1560 339 1633 praetereo
355 1552 595 1627 Samothraciam,
611 1573 702 1633 eaque

290 1690 331 1699 —
347 1657 420 1734 quoe
434 1653 535 1714 beturii
635 1657 636 1660 ’

289 1741 432 1801 nocturno
448 1741 529 1802 aditu
544 1741 656 1802 occultu
672 1741 817 1812 coluntur,

291 1825 465 1886 sc'loe'stribu’
480 1825 608 1904 suepc'bu'
625 1825 722 1886 denso.

191 1927 305 2000 Quibus
328 1927 476 2004 explicatis
492 1927 527 1986 ad
548 1926 749 2010 rationemque
764 1926 908 1988 revocatis
922 1943 1021 1986 rerum
1037 1925 1132 2004 magis
1150 1935 1248 1988 natuua

167 2035 168 2042 ¹
190 2009 377 2088 cognoscitur
392 2028 480 2088 quam
497 2011 629 2070 deorum.

536 265 580 316 llll
597 265 734 318 NATURA
750 257 889 316 DEORUM

222 2202 348 2254 Prodicus
365 2204 443 2271 Ceus,
467 2206 507 2255 eiu
525 2205 627 2270 Sophist
647 2208 692 2259 des

189 2271 368 2321 Sohrutiseben
376 2271 523 2334 Zeitalters‚
533 2275 583 2323 und
593 2274 691 2324 inmon-

189 2339 686 2404 cherbeziehuugbiicbstacbtungswiir·

189 2407 237 2470 dig.
261 2407 308 2456 llic
324 2408 379 2456 bier
390 2416 574 2472 vorgetrugene
586 2410 692 2460 Ansiebt

188 2475 299 2526 schreibt
309 2475 358 2525 ihm
370 2478 432 2526 cuch
445 2475 515 2526 Sext.
527 2477 621 2542 Empir.
633 2478 691 2528 adv.

188 2543 263 2611 ruys.
277 2560 298 2594 c.
313 2543 327 2591 2
346 2560 370 2609 p.
385 2543 434 2594 522
452 2561 496 2594 zu:
520 2541 689 2612 Ilnotlruocb

188 2615 274 2668 Κεῖος
284 2605 364 2678 ἥλιόν
376 2626 446 2682 φησι
459 2611 504 2662 καὶ
518 2608 634 2679 σελήνην
646 2614 692 2664 καὶ

188 2679 335 2750 ποταμοὺς
345 2683 391 2730 καὶ
403 2675 505 2749 κρήνας
513 2682 559 2731 καὶ
568 2675 693 2734 καθόλου

176 2743 280 2820 ,πάντα
292 2744 326 2799 τὰ
339 2743 500 2818 ὠφελοῦντα
517 2746 566 2801 τὸν
581 2755 644 2815 βίον
660 2745 691 2815 ἡ·

186 2817 250 2885 μῶν
267 2817 296 2865 οἱ
313 2817 430 2867 παλαιοὶ
450 2813 535 2874 θεοὺς
556 2811 692 2887 ἐνόμισαν

188 2878 236 2931 διὰ
249 2878 299 2946 τὴν
311 2878 363 2932 ἀπ’
379 2879 469 2936 αὐτῶν
482 2881 627 2954 ὠφέλειαν,
641 2903 691 2936 αα-

187 2943 286 3014 aeneo
293 2944 449 3015 Αἰγύπτιοι
458 2946 507 3002 τὸν
516 2953 630 3003 Νεῖλον·
645 2953 691 3003 καὶ

188 3010 237 3064 διὰ
255 3015 337 3064 τοῦτο
354 3012 472 3084 τὸνμὲν
489 3011 574 3084 ἄρτον
591 3015 689 3089 Δήμη-

187 3097 256 3152 τραν
267 3082 415 3146 κληθῆναι,
429 3079 478 3134 τὸν
490 3081 520 3134 δὲ
534 3083 612 3137 οἶνον
621 3082 689 3136 Διό-

186 3163 285 3210 νυσον,
299 3144 330 3198 τὸ
344 3147 374 3198 tt
387 3149 444 3220 πῦρ
452 3144 625 3218 Ἥφαιστον,
644 3155 690 3204 καὶ

184 3213 238 3285 ἤδη
251 3218 307 3269 τῶν
323 3211 547 3283 εὐχρηστοὺντων
563 3215 688 3273 ἕκαστον.

222 3287 279 3338 119.
296 3286 455 3358 Euligmerus
471 3302 516 3335 aus
534 3287 588 3336 dem
606 3287 689 3339 Sicili-

186 3359 262 3406 seben
268 3355 384 3408 Messana
394 3369 425 3404 zu
436 3354 506 3404 Euda
516 3354 560 3403 des
571 3354 595 3403 4.
603 3356 687 3413 Jahrb.

186 3443 209 3475 v.
223 3424 294 3489 Chr,
312 3424 413 3475 Freund
425 3424 469 3473 des
481 3421 687 3474 Macedouiscben

112 3513 114 3518 ,
185 3491 342 3557 boscaudon,
362 3492 460 3542 schrieb
473 3493 528 3542 eine
546 3486 606 3558 ἱερὰ
619 3485 687 3542 ἄνα-

157 3563 160 3570 ’
184 3557 687 3697 tt‘t'ln'lttl'tltttltl‘l'ltlt‘

184 3695 233 3743 lios
252 3694 299 3745 cul
315 3697 386 3746 einer
405 3697 472 3748 insel
494 3699 538 3748 des
560 3693 696 3750 siiullicbeu,

185 3761 292 3824 Occuuc,
304 3761 413 3812 Namens
422 3764 553 3828 Panchaia,
563 3765 687 3827 geluuden

185 3829 264 3880 beben
277 3829 372 3890 wollte,
386 3832 435 3879 uod
447 3833 508 3880 nach
522 3833 633 3882 walchen
646 3833 686 3882 die

185 3895 355 3949 stuntlionen
369 3895 462 3945 thter
478 3898 521 3946 deu
533 3897 687 3961 Vollrcglau·

197 4117 213 4146 A

746 2209 816 2273 bens,
826 2209 986 2261 vomUranus
994 2224 1033 2271 an,
1047 2208 1130 2259 nichts
1141 2210 1182 2260 uls
1193 2224 1247 2260 ver-

745 2273 959 2340 giittertcliiinige
968 2277 1018 2326 und
1027 2276 1123 2327 llcldcu
1134 2277 1247 2328 derVor·

746 2345 797 2394 zeit
813 2360 931 2407 gewesen
949 2345 1043 2393 wiiren.
1066 2346 1189 2408 Ausciige
1205 2360 1247 2394 aus

750 2413 786 2463 sei
814 2429 838 2462 nr
851 2413 932 2461 buche
945 2411 1023 2474 geben
1037 2411 1089 2461 bes.
1103 2411 1209 2464 Diodor.
1220 2411 1247 2474 V,

746 2479 778 2530 42
828 2481 878 2530 uod
888 2479 1012 2529 Eusebius
1020 2479 1110 2544 Pracp.
1120 2495 1210 2544 evang.
1222 2477 1248 2542 ll,

745 2547 770 2597 4.
794 2548 889 2598 Ennius
907 2548 1053 2597 iibcrsetzte
1070 2563 1098 2596 cs
1111 2548 1151 2597 ins
1165 2547 1247 2598 Latui-

746 2617 838 2676 uiscbe,
862 2631 908 2666 aus
931 2616 1041 2666 welcher
1064 2613 1171 2666 Uebcrs.
1195 2615 1248 2665 ciue

745 2683 843 2734 Anzabl
852 2683 1003 2736 vcuStellen
1013 2682 1054 2733 bei
1063 2682 1180 2734 Lactant.
1192 2685 1247 2732 incl.

746 2747 795 2803 diu.
813 2753 831 2815 l,
850 2753 890 2802 11.
903 2779 937 2788 -
961 2749 1123 2801 Ausliihrllcb
1141 2751 1248 2802 bandelu

744 2820 807 2870 iiber
828 2820 983 2870 Euhemerus
995 2818 1089 2882 ,lloeeh
1109 2816 1192 2870 liretu
1208 2815 1246 2881 ΙΙΙ,

745 2887 794 2937 326
806 2887 832 2937 li.
853 2889 902 2937 und
920 2885 1029 2937 Gerlach
1050 2886 1075 2935 in
1092 2887 1142 2936 den
1160 2888 1246 2937 histor.

745 2955 848 3005 Studien
862 2955 887 3004 S.
903 2954 950 3004 137
961 2953 987 3004 ll'.
1071 2966 1080 2973 “

778 3025 823 3072 ubi
833 3027 969 3074 initiantur
981 3025 1027 3072 etc.
1045 3020 1091 3070 Die
1098 3021 1183 3086 Verso
1193 3021 1246 3071 siud

744 3105 789 3138 aus
797 3090 867 3139 einer
877 3092 945 3140 nicbt
955 3091 1033 3140 n'a'her
1039 3104 1071 3138 zu
1080 3089 1246 3140 bezeichnen-

744 3155 1142 3221 contragouie.-Ftirorcrum
1150 3157 1186 3208 ist
1195 3163 1247 3208 eut-

743 3226 830 3274 wetler
839 3226 994 3293 mitBentley
1005 3241 1035 3274 zu
1042 3225 1128 3274 Horat.
1137 3224 1246 3291 od.l‚35,

743 3293 776 3342 29
789 3295 850 3344 orui'
858 3310 889 3343 zu
901 3295 1043 3360 schreibeu,
1061 3293 1123 3342 oder
1142 3307 1247 3344 orarum

742 3360 780 3410 uls
798 3359 860 3410 Gen.
879 3361 991 3426 partitiv.
1010 3377 1043 3410 zu
1064 3363 1184 3428 nebrnen,
1205 3360 1246 3412 ab·

742 3428 890 3490 biiugigvon
901 3430 1012 3480 olte'rnae.
1038 3427 1246 3482 Utumaormm

742 3496 800 3562 „ulie
810 3496 939 3546 busserute
949 3497 1144 3548 derGrcnzcu.“
1154 3525 1189 3534 -—
1200 3496 1244 3546 uie

742 3563 875 3626 folgenden
891 3565 1080 3630 anaphstiscbeu
1094 3564 1178 3614 Versa
1191 3562 1246 3614 sind
1296 3573 1298 3610 l

741 3630 870 3690 vielleicbt
881 3648 926 3682 aus
939 3634 993 3682 dem
1002 3632 1131 3683 Philohtet
1143 3634 1189 3682 des
1197 3631 1243 3682 At-

740 3699 792 3748 tius
810 3700 859 3748 und
878 3700 995 3751 bczieben
1013 3701 1066 3749 sich
1078 3699 1183 3750 uuldec
1197 3697 1245 3750 Ge·

742 3767 890 3816 hcimclienst
901 3769 947 3817 der
955 3765 1064 3817 liabiren
1074 3766 1120 3817 uui
1127 3767 1243 3818 Lemnus.

775 3835 867 3898 quitos
878 3837 1011 3902 ecpb'cotis
1023 3839 1080 3898 etc,
1092 3835 1116 3884 d.
1130 3835 1154 3884 h.
1167 3835 1208 3885 die
1220 3834 1244 3884 iu

741 3900 789 3948 cleu
809 3901 948 3966 Mysteriea
969 3909 1172 3965 vorgetragcuen
1196 3900 1245 3952 tund
