2622 4326
188 281 249 342 134
400 299 408 306 ·
539 271 582 322 DE
600 271 737 323 NATURA
755 270 895 324 DEORUM

185 433 249 510 ipsa
269 449 315 490 res
337 430 459 490 deorum
479 443 588 486 nomen
609 425 743 486 obtinuit.
775 427 842 499 Quo
862 443 1024 504 exgenere
1045 425 1205 506 Cupidinis
1226 437 1255 488 et

186 514 347 592 Voluptatis
367 520 397 572 et
414 510 594 572 Lubentinae
609 510 727 571 Veneris
747 510 887 571 vocabula
907 519 1076 571 consecrata
1096 519 1188 585 sunt,
1209 513 1254 571 vi-

185 599 330 660 tiosarum
345 615 443 658 rerum
458 612 553 674 neque
567 594 750 668 naturalium,
766 613 943 674 quamquam
955 595 1079 656 Velleius
1097 596 1187 657 aliter
1202 615 1254 657 ex·

170 681 308 756 =istimat3
324 683 375 742 sed
389 688 487 740 tamen
503 700 535 740 ea
550 680 614 760 ipsa
625 679 692 740 vitia
708 689 845 741 naturam
859 681 1059 742 vehementius
1076 699 1170 759 saepe
1186 683 1253 760 pul—

131 774 165 825 62
185 775 260 830 sant.
288 767 449 828 Utilitatum
474 765 562 843 igitur
586 764 786 842 magnitudine
811 765 963 826 constituti
988 773 1058 826 sunt
1076 765 1097 824 ii
1117 766 1176 839 dii,
1204 767 1253 845 qui

184 851 319 912 utilitates
336 868 465 929 quasque
481 849 645 928 gignebant.
672 851 765 930 Atque
780 851 825 910 his
842 851 959 928 quidem
974 849 1160 922 nominibus,
1179 870 1252 930 quae

128 949 131 956 ’
184 935 281 1016 paullo
307 943 373 996 ante
394 934 570 1006 dictasunt,
597 953 670 1012 quae
689 934 732 994 vis
754 935 791 996 sit
810 935 841 995 io
862 952 979 1014 quoque
998 935 1165 996 declaratur
1185 935 1250 997 deo.

125 1020 168 1084 24
187 1020 322 1100 Suscepit
346 1028 443 1092 autem
469 1019 526 1080 vita
551 1018 706 1079 hominum
733 1020 974 1099 consuetudoque
1000 1022 1188 1096 communis,
1219 1033 1250 1082 ut

184 1103 330 1168 beneficiis
346 1104 516 1166 excellentes
533 1104 612 1164 viros
628 1103 658 1163 in
675 1104 784 1166 caelum
801 1106 878 1166 sama
893 1124 927 1165 ac
941 1105 1088 1166 voluntate
1104 1105 1249 1179 tollerent

185 1191 260 1252 ilinc
279 1189 431 1263 Heroides,
456 1189 526 1249 hinc
547 1187 649 1249 Castor
669 1197 697 1249 et
715 1189 832 1262 Pollux,
858 1190 929 1250 hinc
947 1183 1250 1268 Aesculapius,·hinc

183 1275 270 1336 Liber
284 1275 384 1348 etiam3
399 1275 478 1334 hunc
493 1273 558 1334 dico
574 1273 710 1334 Liberum
728 1275 839 1335 Semele
854 1283 971 1348 natum,
988 1293 1049 1342 non
1065 1295 1144 1350 eum,
1161 1295 1248 1356 quem

162 1359 278 1436 ‚nostri
298 1359 422 1420 maiores
444 1366 566 1436 auguste
585 1367 739 1438 sancteque
761 1379 835 1420 cum
848 1360 949 1420 Cerere
968 1368 996 1420 et
1014 1359 1121 1420 Libera
1142 1381 1248 1422 conse-

184 1453 348 1506 craverunt:
376 1444 455 1523 quod
483 1443 565 1523 quale
588 1443 639 1517 sit,
666 1463 701 1504 ex
726 1445 871 1523 mysteriis
898 1443 1018 1522 intelligi
1041 1453 1152 1523 potest.
1190 1447 1246 1506 Sed

185 1531 262 1612 quod
277 1542 312 1589 ex
327 1529 413 1589 nobis
430 1537 514 1588 natos
529 1527 638 1606 liberos
653 1529 845 1607 appellamus,
867 1529 976 1614 idcirco
993 1529 1097 1589 Cerere
1112 1531 1177 1591 nati
1191 1549 1247 1591 no-

184 1615 285 1676 minati
305 1621 374 1673 sunt
388 1613 475 1673 Liber
494 1620 522 1673 et
535 1613 654 1674 libera:
698 1614 754 1673 uod
775 1614 806 1674 in
820 1613 924 1674 Libera
940 1621 1072 1686 servant,
1091 1614 1124 1674 iu
1140 1615 1245 1676 Libero

184 1719 246 1761 non
270 1699 348 1759 item.
386 1698 461 1782 Hirro
487 1698 573 1758 etiam
590 1633 752 1771 uomrlus,
779 1717 866 1776 quem
893 1698 1009 1776 quidem
1033 1677 1162 1760 eundem
1183 1720 1246 1760 esse

186 1783 339 1856 Quirinum
360 1791 477 1861 putant:
497 1801 623 1860 quorum
639 1802 728 1861 quum
743 1791 929 1843 remanerent
943 1783 1031 1843 animi
1047 1792 1135 1862 atque
1151 1793 1245 1846 aeter-

184 1869 272 1931 nitate
297 1869 475 1940 lruerentur,
502 1868 541 1927 dii
567 1867 621 1927 rite
644 1875 713 1928 sunt
731 1867 833 1928 hahiti:
861 1861 952 1946 qumn¹
972 1875 1001 1926 et
1021 1868 1128 1946 optimi
1148 1879 1246 1930 essent

185 1964 213 2015 et
228 1953 342 2016 aeterni.

130 2044 164 2096 63
268 2037 329 2098 Alia
345 2055 461 2117 quoque
477 2037 639 2097 erratione
655 2047 683 2097 et
698 2036 815 2115 quidem
825 2035 945 2114 physica
955 2053 1061 2114 magna
1073 2037 1159 2099 lluxit
1169 2039 1245 2100 mul-

217 2290 247 2342 V
246 2290 373 2360 oluptata'a.
406 2288 510 2338 Derim
531 2287 619 2338 Cultus
641 2303 685 2350 go·
739 2289 850 2355 hereneo
866 2287 935 2339 dou.

182 2358 341 2409 briiuohliche
351 2357 428 2408 Name
440 2371 494 2405 war
503 2357 532 2408 V
532 2356 623 2423 olopta,
635 2357 685 2405 und
772 2355 873 2421 Libero,
886 2355 1009 2406 ebenialls
1018 2356 1176 2408 altitnlischo
1187 2357 1245 2410 Git-

182 2425 225 2475 liir
235 2426 379 2477 Lubentioa
388 2425 416 2476 V
416 2440 479 2474 enus
488 2424 610 2474 vielmehr
618 2423 686 2474 Liti-
739 2424 787 2486 tin,
801 2424 850 2474 wie
864 2425 918 2474 ihre
931 2423 1027 2475 Mutter
1043 2424 1156 2476 Ceres:
1173 2427 1244 2476 heile

183 2497 246 2544 una.
256 2522 290 2530 —
302 2495 331 2546 V
330 2493 435 2544 ocadula
447 2497 595 2543 consecratu
612 2495 686 2542 suut:
738 2494 799 2541 aber
809 2493 916 2542 uachher
927 2493 973 2542 mit
982 2491 1164 2543 Grieohisclren
1173 2493 1246 2545 Gott-

183 2561 232 2611 dio
257 2560 371 2612 Namen
399 2560 467 2610 sind
497 2576 533 2609 zu
562 2561 685 2610 Benen-
738 2559 1245 2626 heiten,derl’erscplroneundDe-

183 2627 685 2693 nungengdttlieherWesenge·
738 2635 847 2690 meter,
875 2628 1027 2678 identificirt.
1049 2655 1083 2664 -
1107 2628 1154 2678 Die
1179 2629 1245 2696 My-

183 2697 294 2760 macht‚
322 2698 374 2747 fiir:
397 2713 462 2748 man
485 2697 537 2748 hut
561 2697 609 2748 die
632 2697 686 2747 mit
740 2696 874 2758 sterion,
892 2695 1244 2760 dieCic.meiot,sindclmc

180 2763 274 2826 jenen
308 2765 422 2817 Namen
456 2765 686 2815 bezeichneten
740 2763 1245 2832 ZweileldicEleusinischen,indenen

183 2831 279 2894 Dioge
297 2837 490 2896 vcrgtittert.
740 2833 819 2882 neben
829 2832 947 2881 Demeter
955 2831 1005 2882 und
1011 2831 1174 2898 Persephone
1185 2836 1246 2898 oder

217 2899 265 2950 red
275 2903 367 2950 tamen.
389 2901 507 2964 Obgleich
520 2902 560 2951 die
572 2899 687 2951 Wollust
739 2898 807 2950 licre
819 2901 882 2949 auch
891 2900 1018 2966 Dionysus
1028 2901 1133 2952 verelrrt
1146 2903 1243 2952 wurde:

182 2969 245 3018 uach
266 2968 313 3018 den
330 2968 448 3017 Stoikern
469 2970 537 3019 nicht
554 2975 630 3018 unter
646 2968 685 3017 dic
739 2969 801 3018 aber
818 2969 902 3017 dieser
923 2968 1099 3034 mystisolre
1117 2969 1244 3036 Dionysus

76 3037 85 3047 “
183 3035 263 3098 Dioge
272 3036 370 3097 gehirt,
385 3035 476 3084 welche
486 3036 526 3086 die
536 3035 618 3086 Natur
626 3050 685 3084 ver·
740 3035 853 3085 erschien
879 3051 907 3084 so
932 3035 1097 3087 verschied'en
1117 3053 1168 3086 von
1191 3039 1245 3088 dem

182 3102 253 3166 langt
267 3105 322 3164 (res
334 3102 495 3165 naturales),
509 3119 536 3152 so
550 3110 637 3164 erregt
649 3103 686 3152 sie
738 3103 952 3168 raythologtschen
977 3104 1044 3153 Sohn
1068 3105 1114 3153 der
1135 3105 1243 3166 Semele,

182 3169 245 3219 doch
259 3171 298 3220 die
306 3170 388 3220 Natur
400 3184 446 3232 gar
455 3172 522 3229 setar,
534 3170 583 3218 und
596 3169 686 3231 getium
740 3171 798 3220 dass
811 3170 862 3220 Cic.
880 3172 939 3221 lrein
951 3171 1084 3220 Bedeolren
1102 3174 1187 3236 triigt,
1205 3176 1243 3224 iim

182 3238 238 3288 also
256 3255 287 3287 zu
305 3239 353 3288 den
370 3237 479 3300 Diogen,
495 3241 521 3287 in
539 3238 629 3302 quibus
646 3241 685 3287 cis
739 3238 780 3288 liir
801 3239 936 3290 densclben
960 3240 1006 3288 mit
1025 3239 1111 3302 jenem
1137 3241 1243 3292 altitali-

182 3307 251 3356 a'aost
261 3309 343 3356 maior
357 3305 450 3370 aliquo.
740 3307 815 3356 sciren
828 3306 904 3358 Liber
916 3324 948 3356 zu
961 3307 1087 3356 erkl'dren.

218 3365 270 3424 24.
282 3373 322 3423 62,
332 3371 525 3424 hurtoLibemm
534 3370 631 3421 Sernota
640 3387 686 3420 aa·
773 3377 798 3423 in
807 3373 899 3425 Libero
911 3391 961 3424 oon
970 3378 1038 3438 item,
1052 3376 1076 3425 d.
1087 3375 1110 3424 lt.
1122 3378 1244 3427 w'a'hreud

185 3446 252 3505 tum,
265 3443 287 3491 d.
302 3443 324 3490 lr.
338 3443 385 3491 deo
399 3439 575 3490 Griechisohen
588 3438 686 3504 Diony·
738 3441 831 3490 Libera
850 3443 982 3505 allgemein
1006 3443 1049 3492 liir
1071 3443 1111 3492 die
1133 3443 1245 3495 Tochter

182 3525 241 3570 sur,
262 3509 307 3562 uui
325 3509 437 3562 walchen
454 3523 543 3574 wegen
561 3505 686 3570 gewisser
739 3508 890 3558 derCeres
907 3511 954 3573 gilt
969 3510 1020 3560 und
1032 3511 1077 3560 der
1089 3509 1169 3561 Name
1184 3514 1245 3564 dar·

181 3576 387 3628 Aehnliclrlreiten
400 3576 530 3628 dorNome
543 3577 587 3625 des
599 3574 684 3624 altita-
738 3589 784 3624 uus
803 3575 900 3626 erkliirt
921 3579 997 3641 wird,
1020 3573 1068 3641 gill
1089 3579 1151 3628 doch
1168 3579 1245 3632 Liber

180 3643 277 3695 lisohen
292 3645 459 3708 Naturgottes
476 3645 552 3696 Liber
567 3644 684 3693 iibertra-
739 3642 806 3691 nicht
823 3641 864 3692 iiir
881 3645 927 3694 den
945 3646 1011 3695 Solm
1029 3646 1075 3694 der
1091 3645 1197 3697 Ceres.
1210 3677 1247 3691 —

182 3727 232 3774 gen
251 3715 347 3764 worda.
383 3712 451 3762 Ahar
471 3713 589 3762 wtihrond
610 3710 686 3774 jener
738 3709 793 3758 Fiir
804 3723 902 3761 wessen
916 3713 982 3762 Sohn
999 3713 1060 3763 aber
1074 3730 1103 3762 er
1115 3716 1243 3780 gogolten,

183 3779 324 3848 Dionysus,
335 3780 487 3841 wenigsteos
500 3779 560 3828 nach
573 3776 684 3828 Cicero’s
738 3776 832 3824 wissen
844 3779 892 3826 wir
904 3780 979 3828 nicht.

184 3847 315 3914 Meinuug,
332 3849 371 3898 ein
387 3848 560 3906 vergdttcrter
576 3842 684 3894 Sterbli-
772 3857 881 3906 quorum
892 3861 971 3910 quum
981 3849 1146 3898 renouarent
1156 3854 1244 3902 mont.

185 3917 245 3968 cher
255 3933 321 3983 war,
337 3917 390 3981 galt
400 3913 475 3964 Liber
491 3910 533 3959 liir
549 3910 621 3958 einen
638 3923 683 3970 ge·
738 3907 795 3970 Vgl.
809 3923 841 3957 zu
852 3909 871 3972 l,
887 3912 925 3972 15,
939 3911 980 3962 39.
