2612 4328
29 3545 33 3556 ¹
106 3537 147 3587 dic
168 3534 248 3598 lilege
269 3535 367 3599 chem,
390 3534 459 3583 nicht
478 3534 535 3584 blos
556 3535 612 3583 dem

474 238 535 290 nlo.
545 237 585 291 ΠΙ.
613 239 683 290 CAP.
697 237 739 291 30.
752 237 793 289 ³1.
1103 241 1165 304 229

97 391 195 470 liqna,
215 408 288 470 qnae
303 398 453 469 exempto
469 400 518 452 ant
532 392 649 453 vendito
665 403 715 454 ant
729 393 874 454 conducto
889 401 939 455 aut
953 393 1048 454 locato
1065 401 1166 454 contra

99 477 192 536 tidem
212 476 300 548 finnt3
320 475 388 536 inde
407 475 546 537 iudicium
565 477 717 556 publicum
736 477 778 537 rei
792 478 919 556 privatae
932 479 994 557 lege
1008 477 1165 551 Plaetoria3

98 561 171 621 lnde
190 560 381 621 everriculum
400 561 573 622 malitiarum
594 561 745 635 omnium,
769 562 907 622 indicium
927 563 963 624 de
983 563 1051 623 dolo
1073 563 1164 634 malo,

99 644 182 724 qnod
200 645 229 705 C.
247 643 402 724 Aquillius,
419 645 567 706 familiaris
582 655 698 720 noster,
712 646 847 726 protnlit;
869 664 955 724 quem
971 647 1071 707 dolum
1086 646 1165 707 idem

97 729 243 808 Aquillius
255 737 318 790 tum
330 731 423 790 teneri
434 738 528 808 putat,
540 750 630 810 qrnm
642 731 718 792 ahud
731 731 770 791 sit
780 731 958 803 simulatum,
970 730 1047 790 alind
1058 738 1165 790 actum.

98 815 184 875 Hanc
198 814 286 892 igitur
300 821 409 892 tantam
426 833 442 875 a
457 815 512 876 diis
532 815 748 878 immortalibus
767 815 943 876 arbitramur
956 815 1101 875 malornm
1118 832 1165 874 se-
1186 824 1219 874 75

98 906 232 959 mentem
248 917 314 959 esse
329 897 456 960 lactem?
479 900 510 960 Si
525 899 603 962 enim
619 901 762 969 rationem
778 899 948 961 hominibus
960 899 999 958 dii
1014 898 1166 972 dederunt,

98 982 243 1044 malitiam
259 983 413 1044 dederunt:
429 992 474 1044 est
489 985 568 1045 enim
584 985 690 1046 malitia
705 993 823 1046 versuta
837 992 866 1045 et
883 984 965 1044 fallax
978 981 1105 1044 nocendi
1117 1001 1166 1044 ra-

98 1069 160 1128 tio:
175 1067 262 1127 iidem
275 1067 361 1128 etiam
374 1068 412 1128 dii
428 1069 558 1129 fraudem
570 1071 720 1144 dederunt,
736 1070 849 1131 lacinus
862 1077 1024 1148 ceteraque,
1040 1085 1167 1146 qnorum

98 1151 175 1212 riihil
188 1168 242 1212 neo
256 1152 367 1230 suscipi
383 1152 446 1213 sine
460 1154 574 1214 ratione
589 1173 643 1214 nec
658 1155 733 1215 effici
747 1163 853 1232 potest.
886 1152 1003 1215 Uuieoru
1018 1151 1119 1231 igitur,
1134 1157 1168 1212 ut

99 1237 149 1298 illa
164 1253 238 1296 anns
254 1243 349 1326 optat,
1063 1240 1068 1254 ·

266 1355 310 1364 —
324 1339 359 1380 ue
373 1324 405 1380 iu
419 1339 537 1382 ueruore
552 1321 632 1383 Pelio
647 1323 798 1384 securibus

271 1423 354 1465 caeso
369 1407 520 1466 decidisset
533 1405 656 1485 dbiequo
671 1409 710 1467 od
725 1410 836 1467 terrdm
852 1405 963 1476 trabes,

100 1490 147 1550 sic
161 1489 248 1548 istam
265 1489 446 1550 calliditatem
465 1490 635 1550 hominibus
651 1489 691 1550 dii
709 1507 747 1550 ne
762 1489 924 1550 dedissent!
951 1507 1007 1567 qna
1028 1490 1167 1566 perpauci

98 1575 176 1635 bene
190 1580 326 1647 utuntur,
350 1573 399 1653 qni
413 1581 512 1634 tamen
527 1575 584 1652 ipsi
601 1593 689 1652 saepe
704 1594 719 1634 a
735 1575 808 1634 male
823 1574 974 1635 utentibus
990 1571 1166 1651 opprimun-

99 1667 164 1731 tnr3
184 1658 409 1718 innumerabiles
424 1667 521 1720 antem
541 1659 677 1737 improbe
691 1666 825 1731 utuntur,
844 1665 878 1718 nt
893 1658 1004 1717 donum
1019 1657 1077 1717 hoc
1093 1655 1166 1716 divi-

99 1761 175 1804 num
190 1743 312 1803 rationis
328 1750 356 1802 et
368 1743 482 1803 consilii
494 1743 530 1803 ad
545 1744 677 1804 fraudem
688 1743 869 1815 hominibus,
884 1760 946 1802 non
958 1741 993 1802 ad
1005 1740 1165 1801 bonitatem

100 1828 284 1906 impertitum
300 1846 366 1887 esse
381 1827 519 1888 videatur.
550 1827 608 1888 Sed
624 1827 734 1907 urgetis
750 1827 919 1901 identidem,
933 1825 1089 1886 hominum
1100 1843 1165 1886 esse
1183 1815 1223 1878 31

100 1913 189 1974 istam
205 1912 329 1990 culpam,
345 1928 407 1974 non
423 1912 560 1972 deornm:
576 1920 609 1973 nt
624 1912 648 1973 si
662 1912 794 1973 medicus
809 1911 977 1991 gravitatem
988 1909 1094 1982 morbi,
1111 1928 1165 1990 gn·
1186 1907 1219 1971 76

101 1998 240 2059 bemator
253 1995 312 2055 rim
328 1995 510 2074 tempestatis
523 2005 653 2057 accuset:
670 1997 725 2058 etsi
739 1997 769 2056 hi
786 1997 904 2077 quidem
919 1994 1099 2068 homunculi,
1115 1994 1167 2054 sed

100 2090 200 2142 tamen
220 2080 340 2142 ridiculi.
377 2080 450 2153 Quis
470 2081 547 2141 enim
568 2088 596 2141 te
616 2081 808 2156 adhibuisset,
834 2079 937 2142 dixerit
957 2079 1116 2161 quispiam,
1142 2078 1167 2138 si

100 2167 157 2227 ista
172 2183 234 2226 non
249 2163 369 2227 essent?
399 2165 507 2226 Contra
519 2166 606 2227 deum
620 2166 687 2226 licet
698 2167 847 2246 disputare
861 2165 989 2226 liberius.
1019 2164 1053 2224 ln
1067 2163 1167 2225 homi-

100 2269 176 2312 num
192 2249 268 2310 vitiis
287 2250 329 2310 ais
349 2269 414 2311 esse
434 2251 559 2330 culpam.
588 2251 661 2311 Eam
676 2251 807 2312 dedisses
828 2249 999 2311 hominibus
1014 2249 1167 2322 rationem,

102 2345 178 2416 q'nae
197 2335 265 2395 vitia
285 2335 458 2414 culpamque
480 2335 651 2396 excluderet.
689 2337 745 2397 Ubi
771 2336 859 2414 igitur
884 2335 967 2396 locus
993 2334 1048 2394 init
1074 2332 1168 2393 errori

102 2416 253 2482 deorum?
283 2420 357 2479 Nam
376 2419 552 2498 patrimonia
572 2439 626 2499 spe
645 2421 720 2481 bene
738 2419 872 2481 tradendi
886 2418 1091 2496 relinquimus,
1111 2434 1168 2493 qna

101 2522 265 2584 possumus
281 2503 352 2564 salli:
369 2502 440 2562 dens
456 2503 513 2562 lani
525 2507 575 2582 qul
590 2501 710 2582 potnit?
724 2505 770 2564 An
781 2510 814 2562 ut
825 2502 886 2575 Sol,
903 2502 933 2562 in
945 2518 1063 2561 currum
1076 2517 1168 2576 quum

102 2589 318 2651 Phaethontem
333 2585 423 2646 filium
440 2587 571 2661 sustulit,
591 2598 641 2649 ant
654 2587 822 2666 Neptunus,
838 2603 929 2664 mum
945 2585 1078 2644 Theseus
1093 2583 1167 2662 Hip·

105 2792 147 2854 17,
160 2788 206 2839 70:
225 2789 253 2850 Q.
266 2785 385 2839 Scaeuola
394 2788 463 2855 fidei
474 2790 553 2840 berane
563 2805 610 2840 no·
663 2789 778 2852 zugleioh
791 2789 831 2838 die
843 2786 936 2838 Priitnr
950 2785 1105 2848 behleidete,
1124 2799 1169 2834 er·
1186 2845 1189 2848 Ι

102 2875 163 2909 more
175 2858 344 2908 existimabat
358 2856 609 2921 aremoretotassima
663 2857 733 2906 liess.
762 2857 807 2906 Die
829 2855 946 2917 lolgeode
966 2852 1101 2903 Definition
1124 2852 1169 2902 des

101 2926 180 2991 idque
187 2927 290 2976 versem
296 2927 323 2974 io
333 2923 428 2988 tutelis,
438 2927 610 2989 societatibus,
664 2923 738 2975 dolus
755 2925 798 2974 hat
810 2922 899 2973 Cicero
915 2923 978 2972 anch
995 2922 1025 2970 de
1043 2917 1116 2970 offic.
1129 2916 1168 2986 Ill,

96 2993 218 3060 fiduciis,
241 2992 383 3058 enudans,
408 2994 486 3044 rebus
509 2993 609 3061 eruptt'e,
666 2991 706 3055 14,
719 2990 760 3042 60.
822 2999 826 3004 ·

103 3060 219 3124 mma
232 3061 371 3126 conductis,
384 3061 482 3113 limm-
699 3072 753 3122 75..
770 3071 872 3126 Utinam
888 3087 920 3123 oe
935 3074 962 3122 iu
980 3085 1093 3122 nemore.
1116 3069 1169 3119 An-

139 3129 196 3193 Ῑθὲθ
211 3129 348 3180 Plssssttm'a·
373 3130 437 3180 an
453 3129 547 3180 schulz
565 3129 610 3180 ¹¹⁰?
664 3140 723 3204 fang
739 3141 785 3191 der
801 3139 986 3192 Ennianischen
1003 3139 1105 3200 Medea,
1122 3151 1169 3186 an-

103 3195 319 3262 Missdelj'fl'hfissflss
333 3197 464 3260 (¹1¹1W25
478 3198 515 3259 J.)
529 3212 609 3260 8⁰8⁶ss
663 3209 714 3273 gei.
727 3211 789 3260 auch
802 3210 832 3259 de
844 3209 909 3260 nato
922 3223 943 3257 c.
959 3207 997 3255 15.

103 3265 295 3326 betriigcrische
317 3265 561 3328 Ucbervortheilnng
584 3265 610 3313 in

84 3393 88 3402 ,
103 3331 355 3395 Rechtsgescbiiltcn.
368 3330 610 3383 llosGesctzsetzte
699 3300 752 3392 32·
765 3311 805 3361 76
817 3310 920 3390 ,emim
929 3306 1047 3357 dmm*
1056 3303 1168 3351 libem·

104 3400 151 3451 eni
165 3401 268 3450 solchen
281 3400 375 3462 Bctrng
392 3399 448 3449 eine
466 3399 610 3450 dffcntlicbc
664 3379 735 3431 Wffll
748 3379 853 3428 ⁰⁸ffl¹¹⁰h
867 3377 907 3424 ‘¹¹⁶
916 3372 964 3421 Ᾱη
974 3382 1024 3420 V⁰¹¹
1034 3367 1170 3418 Entsdffll·

105 3470 169 3520 odor
185 3465 384 3518 Criminalstraio
405 3467 455 3517 und
474 3473 610 3530 gestattete
664 3435 1169 3517 (ἱῑὸΰΰδ,ΨθΙθὴθΜθῦἓθῇθΰΝῑθᾹθηῑθ

666 3515 716 3563 und
726 3509 896 3568 Steuerlente,
909 3507 949 3555 ber
958 3504 1109 3554 schlecbtem
1120 3503 1168 3554 Er·

666 3581 734 3642 lolgc
746 3577 815 3626 ihrer
825 3574 998 3636 bemiihungen
1011 3571 1053 3621 hir
1061 3571 1114 3623 sich
1122 3586 1169 3621 an-

105 3605 269 3656 Verletzten:
293 3603 371 3652 daher
391 3601 511 3653 iodicium
530 3601 612 3670 publi·
666 3647 765 3709 ΜΨ,
779 3644 820 3694 bei
832 3645 880 3694 den
893 3641 1001 3692 (qb-tter„
1015 3640 1083 3690 nicht
1095 3646 1170 3690 state.

106 3687 165 3724 curn
176 3675 216 3723 rei
223 3673 346 3738 punam.

141 3739 209 3807 qnod
237 3737 263 3787 C.
287 3735 415 3802 Aquillius
439 3763 474 3772 -
494 3737 612 3804 protum,
667 3714 748 3764 finden
762 3713 837 3762 kann.

105 3807 243 3860 Vielleicbt
255 3806 280 3854 in
292 3805 347 3855 dem
359 3804 444 3869 lldiot,
462 3819 515 3854 was
532 3819 562 3854 er
573 3803 612 3852 eis
702 3798 816 3850 dedisses
824 3819 859 3842 =
868 3796 931 3848 dare
942 3794 1082 3848 debuisses.
1102 3791 1128 3841 S.
1138 3805 1170 3840 zu

105 3877 201 3927 Priitor
211 3875 245 3924 im
257 3872 280 3921 J.
294 3871 354 3936 688,
370 3885 411 3922 wo
424 3887 453 3921 er
466 3872 512 3922 mit
524 3867 612 3920 Cicero
666 3866 686 3931 l,
699 3866 740 3930 32,
753 3865 794 3917 89.
