2622 4326
411 235 469 290 llo.
483 237 513 288 ll.
539 237 608 288 GAP.
622 236 662 288 30.
675 237 716 288 31.
729 235 771 290 32.
1060 240 1119 302 143

30 457 35 466 ,
52 389 146 463 fides,
173 389 278 463 virtus,
304 390 460 452 concordia
487 399 671 452 consecratae
689 399 718 452 ct
737 391 851 470 publico
874 391 1020 464 dedicatae
1040 399 1118 454 sunt

55 475 141 546 Quae
158 477 208 552 qul
224 473 359 534 convenit
373 492 464 553 penes
478 476 550 536 deos
565 493 631 536 esse
645 493 759 553 negare
774 494 865 554 quum
881 494 983 538 eorum
998 485 1119 556 augusta
1186 480 1191 488 “

54 565 83 618 ct
106 566 208 619 sancta
228 559 382 619 simulacra
402 558 595 620 veneremur?
626 560 738 633 Quodsi
757 559 833 621 inest
848 560 878 620 in
893 561 1049 623 hominum
1065 580 1118 640 ge-

51 660 128 703 nere
143 660 245 716 mens,
265 643 350 716 fides,
372 643 478 716 virtus,
499 643 669 717 eoncordia,
685 644 762 705 unde
775 644 847 705 haec
862 644 893 704 in
907 652 1015 706 terram
1029 645 1086 706 uisi
1101 665 1118 707 a

53 728 174 806 superis
195 728 320 788 defluere
339 725 522 806 potuerunt?
551 730 707 807 Quumque
728 727 786 788 sint
806 728 835 788 in
851 727 938 788 nohis
954 729 1117 802 consilium,

50 812 146 883 ratio,
166 812 334 891 prudentia,
353 830 473 874 necesse
489 821 533 874 est
547 813 619 873 deos
635 814 706 874 haec
719 812 784 891 ipsa
798 811 905 872 hahere
920 812 1043 884 maiora,
1063 831 1119 874 neo

52 896 165 958 habere
184 897 295 970 solum,
321 897 372 958 sed
392 898 478 958 etiam
497 897 544 958 his
563 898 605 958 uti
625 897 657 958 iu
677 896 810 958 maximis
831 904 859 957 et
879 896 998 976 optimis
1019 897 1116 958 rebus

49 980 134 1042 Nihil
155 988 250 1042 autem
271 989 388 1042 estnec
408 983 501 1043 maius
520 1000 575 1043 nec
589 981 695 1048 melius
709 981 836 1042 mundo:
856 999 975 1042 necesse
990 988 1034 1041 est
1047 1000 1116 1060 ergo
1137 991 1170 1042 so

50 1084 123 1127 eum
158 1066 280 1127 deorum
306 1065 429 1126 consilio
456 1074 485 1128 ct
509 1066 690 1145 providentia
704 1065 916 1128 administrari.
953 1065 1118 1140 Postremo,

50 1168 147 1229 quum
165 1150 236 1212 satis
252 1151 439 1212 docuerimus
455 1152 510 1214 hos
526 1171 591 1214 esse
605 1153 693 1225 deos,
713 1169 839 1231 quorum
855 1151 1001 1229 insignem
1015 1150 1073 1212 vim
1089 1159 1118 1212 et

48 1235 200 1296 illustrem
217 1235 320 1295 faciem
335 1236 506 1310 videremus,
521 1237 613 1298 solem
628 1237 693 1299 dico
710 1246 739 1298 et
751 1237 852 1298 lunam
875 1243 904 1297 et
918 1253 1004 1314 vagas
1019 1235 1116 1297 stellas

49 1327 81 1380 et
101 1319 268 1380 inerrantes
291 1329 320 1380 et
334 1321 444 1382 caelum
459 1329 488 1381 et
502 1323 646 1383 mundum
661 1323 758 1401 ipsum
775 1330 804 1382 et
818 1339 919 1383 eanum
933 1339 1034 1382 rerum
1048 1320 1116 1395 vim,

50 1422 130 1483 quae
151 1404 283 1464 inessent
302 1403 333 1462 in
353 1403 434 1464 omni
452 1405 563 1466 mundo
585 1424 651 1467 cum
665 1423 772 1483 magno
794 1424 850 1466 usu
866 1414 895 1466 et
911 1404 1116 1468 commoditate

49 1489 175 1566 generis
194 1487 329 1546 humaui:
350 1487 485 1559 efficitur,
507 1490 605 1570 omnia
625 1492 685 1568 regi
707 1490 801 1550 divina
820 1500 918 1550 mente
939 1499 1025 1567 atque
1043 1507 1116 1567 pru-

49 1573 164 1632 dentia.
196 1571 237 1630 dc
259 1571 295 1630 de
314 1571 408 1649 prima
429 1572 546 1649 quidem
566 1581 647 1650 parte
667 1573 738 1633 satis
759 1573 867 1634 dictum
887 1581 940 1633 est,

145 1654 296 1733 Sequitur,
312 1662 345 1715 ut
359 1656 479 1716 doceam
495 1657 594 1717 omnia
611 1657 738 1717 subiecta
754 1675 819 1716 esse
834 1665 964 1727 naturae,
980 1674 1070 1734 eaque
1081 1655 1116 1716 ab
1133 1657 1175 1720 82

51 1761 88 1801 ea
102 1739 302 1819 pulcherrime
317 1739 386 1818 geri.
420 1739 477 1800 Sed
494 1741 563 1818 quid
583 1740 621 1800 sit
635 1741 700 1818 ipsa
714 1747 832 1812 natura,
852 1739 1053 1817 explicandum
1072 1747 1118 1800 cst
1136 1749 1167 1801 81

51 1833 125 1887 ante
135 1822 269 1896 breviter,
280 1843 338 1902 quo
350 1823 464 1884 lacilius
475 1825 514 1897 id,
526 1825 605 1902 quod
616 1825 723 1886 docere
733 1825 878 1897 volumus,
886 1823 1005 1900 intelligi
1013 1823 1117 1903 possit

51 1910 191 1987 Namque
200 1908 246 1968 alii
256 1917 390 1969 naturam
402 1917 524 1970 censent
533 1928 599 1970 esse
609 1909 667 1971 rim
678 1910 823 1988 quandam
834 1909 897 1969 sine
908 1907 1029 1981 ratione,
1037 1907 1116 1969 cieu-

50 2004 118 2054 tem
133 1999 233 2053 motus
249 1992 279 2052 in
294 1993 467 2072 corporibus
482 1993 680 2066 necessarios3
700 1994 746 2055 alii
761 2001 856 2054 autem
872 1993 931 2053 vim
945 1992 1116 2072 participem

51 2076 181 2140 rationis
197 2085 281 2156 atque
297 2078 417 2152 ordinis,
434 2087 582 2158 tamquam
597 2080 640 2140 via
656 2077 890 2158 progredientem
906 2077 1117 2138 declarantem-

52 2181 128 2241 que,
149 2162 217 2240 quid
232 2162 372 2242 cuiusque
386 2163 428 2223 rei
443 2183 546 2224 caussa
561 2163 679 2236 elliciat,
701 2162 770 2242 quid
787 2169 941 2241 sequatur,
957 2162 1039 2222 cuius
1055 2162 1116 2222 scl-

52 2246 172 2308 lertiam
197 2247 276 2307 nulla
302 2266 363 2320 ars,
390 2248 469 2308 nulla
491 2265 610 2321 manus,
635 2263 723 2308 nemo
746 2247 842 2326 opilex
862 2246 1002 2324 consequi
1021 2245 1117 2325 possit

52 2331 214 2392 imitando:
230 2331 350 2392 seminis
362 2332 439 2392 enim
450 2332 509 2393 vim
521 2351 586 2394 esse
597 2340 717 2405 tautam,
729 2340 762 2394 ut
772 2332 812 2405 id,
826 2349 1001 2410 quamquam
1013 2331 1052 2392 sit
1062 2350 1114 2409 pe-

51 2415 217 2492 rexiguum,
233 2424 339 2488 tamen,
357 2416 382 2476 si
396 2415 568 2478 incideritis
582 2417 795 2496 concipientem
811 2415 1114 2494 conprehendentem·
1172 2481 1174 2488 Α

53 2520 113 2580 que
129 2507 264 2576 naturam
284 2508 458 2579 nactumque
478 2501 516 2560 sit
533 2501 697 2574 materiam,
719 2520 775 2579 qua
789 2501 824 2560 ali
840 2501 995 2579 augerique
1009 2498 1114 2578 possit,
1173 2514 1177 2520 ’

90 2667 156 2718 quac
168 2649 216 2716 qut*
225 2665 294 2700 eoae.
308 2649 349 2699 l'rir
361 2665 432 2714 quaa.
458 2650 515 2713 Vgl.
528 2667 559 2700 zu
614 2651 659 2702 28:
681 2656 778 2701 natura
794 2653 907 2701 emtione
913 2687 920 2712 ,
939 2652 966 2700 in
982 2651 1116 2716 quarceto

54 2736 76 2770 c.
92 2720 117 2781 5,
133 2719 173 2767 15.
612 2711 730 2788 pdrfecta
741 2722 813 2782 inat,
826 2720 938 2782 quassit
950 2718 1117 2769 cadmean·

88 2787 290 2852 nuiasupcrtr.
315 2784 445 2848 Vgl.c.6,
460 2784 500 2836 18.
518 2785 560 2836 Bel
611 2789 877 2855 pitcmarquameim
888 2786 1116 2838 animumeaacdi-

54 2855 103 2903 dcn
125 2856 230 2919 ruperia
255 2853 289 2903 ist
309 2853 446 2903 bcsonders
467 2868 498 2902 an
520 2853 559 2902 dic
614 2854 787 2918 mmtmundi,
804 2853 957 2919 eandemque
973 2869 1030 2904 csse
1044 2870 1115 2904 mm·

55 2919 178 2972 Gertirne
190 2934 222 2968 zu
234 2920 339 2970 denlcn.
364 2921 448 2970 Soron.
461 2919 527 2986 Scip.
538 2937 560 2970 c.
614 2923 870 2990 tmeapientiamquc
876 2922 1034 2991 perfectam:
1043 2936 1117 2989 quom

54 2988 78 3051 3,
95 2989 140 3037 15:
159 2988 301 3038 temdus
318 2990 421 3040 mimus
433 2989 509 3040 (latere
521 2992 562 3038 cst
614 2989 690 3040 deum
701 2989 835 3057 appellant,
848 2993 1009 3055 emptumque
1020 3005 1116 3054 rcrrern,
1198 3007 1200 3012 ¹

54 3073 89 3106 ea·
99 3055 152 3106 illie
162 3058 322 3122 sempiterno
329 3059 517 3174 z'guidusqpoca
524 3060 560 3106 et-
613 3073 678 3122 quoa
693 3062 755 3106 sumt
770 3060 795 3107 ei
809 3060 947 3124 subiectae,
965 3061 1041 3122 quasi
1052 3072 1116 3125 pru-

54 3125 120 3174 dera
141 3126 168 3172 ct
186 3122 272 3172 atellae
294 3127 397 3174 cecata
460 3124 481 3174 it
504 3125 560 3174 dem
613 3125 725 3176 cicadam
738 3125 872 3189 qomtdmn.

55 3191 145 3243 Geiste
162 3189 275 3252 zuglcich
294 3192 417 3242 natiirliclr
436 3193 498 3241 auclr
519 3191 559 3241 die
647 3192 817 3244 declarantem
839 3219 874 3230 -·-
897 3191 960 3257 quid
980 3193 1115 3255 sequatur.-

54 3260 155 3321 Aulage
173 3273 220 3307 zur
236 3256 363 3309 Vernunlt
378 3261 427 3310 nnd
444 3275 475 3308 zu
492 3259 558 3309 allen
613 3261 636 3309 d.
650 3261 673 3309 h.
686 3261 723 3310 sie
735 3260 801 3311 liisst
812 3257 1052 3322 ihrejcdesmaligcn
1062 3255 1115 3303 Ab·

55 3326 204 3389 Tugcuden.
613 3327 709 3378 sichten
722 3330 771 3377 und
784 3326 894 3376 Zweclrc
909 3324 1045 3373 erkeuneu.
1069 3317 1116 3368 Se·

89 3393 133 3444 80.
143 3409 221 3458 quum
230 3387 295 3444 εἀίιζς
303 3394 474 3445 docuerimus.
484 3395 560 3445 Nam·
613 3397 657 3460 qui
668 3395 770 3461 aliquid,
788 3401 884 3453 „etwas
898 3390 937 3438 als
950 3387 1042 3436 chcl
1055 3401 1115 3435 vcr-

55 3462 103 3512 lich
122 3461 199 3510 ers.
214 3461 253 3511 16.
276 3489 311 3498 -
332 3462 560 3513 etcauum=et
611 3461 728 3526 lolgcu.“
763 3461 816 3510 Fiir
844 3455 906 3523 qrdd
931 3456 1052 3518 adusque
1076 3455 1117 3502 τά
1198 3505 1204 3511 .

55 3531 170 3580 aarum.
194 3527 219 3578 S·
234 3544 255 3578 c·
268 3528 309 3591 36,
322 3529 362 3579 91.
612 3545 703 3580 ennaea
715 3532 850 3580 erwartete
860 3521 1116 3573 manabervielmehr

89 3587 143 3648 32.
160 3594 201 3644 81.
221 3599 272 3646 adm
293 3597 421 3661 quandam
441 3601 496 3648 sinc
515 3611 559 3647 ra·
612 3599 685 3647 cuiue
696 3595 804 3663 quidque
815 3594 855 3644 rol
870 3606 970 3640 emnem
982 3617 1017 3626 —
1032 3587 1116 3641 Uelrer

55 3668 131 3714 timec.
154 3662 213 3726 Vgl.
226 3662 244 3728 l,
258 3662 297 3726 13,
311 3664 352 3714 35.
377 3663 525 3727 lll,ll,27.
611 3667 652 3712 ola
680 3659 962 3728 rogr.vgl.c.2²,5'l.

89 3731 133 3781 adi
143 3735 239 3780 autera
261 3730 326 3780 lloss
335 3733 400 3781 dazu
410 3731 558 3780 namcutliclr
666 3732 755 3779 meinis
768 3733 835 3779 morin
845 3756 888 3777 -.
901 3726 948 3776 uin
958 3727 1116 3791 bestitigen·

56 3797 424 3862 dieStoilrergeltdremlrabeu
434 3799 482 3848 wir
494 3799 557 3848 elren
612 3798 657 3846 des
675 3797 782 3861 lleispiel
799 3796 841 3846 l'dr
857 3795 897 3846 dic
915 3796 987 3860 abige
1002 3797 1115 3860 Beheup-

56 3884 78 3917 o.
90 3866 137 3930 22,
155 3865 187 3913 57
204 3866 307 3928 gcselrn,
332 3866 390 3930 Vgl.
403 3865 479 3916 Acad.
493 3866 515 3930 Ι,
535 3866 558 3926 7,
613 3871 682 3926 tnng.
