2612 4328
180 269 243 334 206
526 261 883 318 nnuarumononuu

127 440 159 491 aa
180 423 239 485 mal
256 421 455 483 confitendum
475 427 604 480 estesse
625 419 757 481 mortale.
786 417 954 493 Praeterea,
974 417 1085 498 siquid
1101 427 1151 481 est
1167 421 1248 500 quod

179 525 234 568 neo
252 507 430 585 voluptatem
446 503 551 566 sentiat
564 521 620 567 neo
634 504 781 578 dolorem,
800 503 832 563 id
846 503 953 564 animal
968 521 1112 565 essenon
1128 514 1248 584 potest3

180 592 225 652 sin
246 599 357 664 autem,
378 589 458 669 quod
479 589 585 650 animal
599 596 657 661 est,
676 589 706 648 id
720 588 767 648 illa
781 605 901 649 neeesse
916 595 962 648 est
977 590 1098 664 sentiat,
1118 597 1149 650 et
1165 592 1246 670 quod
1290 607 1291 672 3

179 695 211 736 ea
228 674 342 749 sentiat,
356 691 418 734 non
433 682 531 754 potest
545 692 610 734 esse
621 682 781 747 amomum,
797 680 826 734 et
838 690 926 734 omne
937 673 1045 734 animal
1056 675 1162 736 sentit:
1178 675 1247 735 nul-

178 762 239 822 lum
259 760 347 838 igitur
366 759 472 819 animal
492 764 641 819 aeternum
664 766 716 819 est.
751 757 904 818 Praeterea
922 757 1035 818 nullum
1056 766 1246 838 potestesse

179 845 292 918 animal,
306 845 337 905 iu
353 863 412 923 quo
427 861 490 904 non
504 851 532 904 et
547 843 685 923 appetitio
702 843 740 903 sit
756 849 783 902 et
798 842 951 903 declinatio
962 843 1113 904 naturalis.
1140 845 1245 923 Appe-

177 937 280 991 tuntur
293 936 398 1005 autem,
414 947 488 1007 quae
503 915 664 990 seeundum
679 934 813 988 naturam
829 934 907 1000 sunt,
924 927 1108 988 declinantur
1120 937 1243 990 eontra-

163 1075 165 1086 ,
177 1015 233 1076 ria:
257 1023 285 1073 et
300 1031 388 1074 omne
403 1012 508 1074 animal
523 1012 632 1092 appetit
646 1011 787 1091 quaedam
800 1019 829 1072 ot
839 1012 911 1090 fugit
922 1031 938 1072 a
951 1012 1144 1090 quibusdam:
1162 1015 1241 1093 qnod

177 1107 274 1159 autem
288 1099 403 1176 refugit,
418 1097 448 1158 id
463 1103 566 1157 eontra
576 1105 711 1158 naturam
723 1105 775 1170 est
790 1104 819 1158 et
830 1097 911 1176 quod
922 1103 968 1156 est
979 1105 1082 1159 eontra
1094 1105 1239 1171 naturam,

178 1183 209 1242 id
223 1182 310 1243 habet
323 1183 382 1241 vim
397 1181 595 1242 interimendi:
612 1197 700 1242 omne
715 1199 786 1259 ergo
801 1180 908 1242 animal
918 1179 1040 1242 intereat
1050 1200 1176 1243 neeesse
1187 1191 1239 1244 est.

125 1278 158 1329 34
178 1263 401 1325 Innumerabilia
422 1267 503 1339 sunt‚'
529 1285 563 1325 ex
584 1266 689 1345 quibus
709 1265 783 1325 ellici
805 1265 927 1344 cogique
946 1266 1057 1344 possit,
1083 1267 1158 1328 nihil
1178 1285 1240 1328 esse

179 1349 259 1427 quod
275 1365 395 1409 sensum
410 1349 525 1422 habeat,
542 1351 612 1429 quin
627 1351 656 1410 id
671 1351 807 1424 intereat3
827 1350 934 1410 etenim
949 1369 983 1410 ea
997 1350 1062 1430 ipsa
1076 1370 1154 1430 quae
1170 1371 1238 1412 sen-

179 1434 300 1506 tiuntur,
315 1433 459 1512 utilique,
475 1441 507 1494 ut
519 1435 606 1507 calor,
623 1442 656 1495 ut
666 1435 809 1513 voluptas,
823 1441 858 1494 ut
869 1435 963 1507 dolor,
979 1443 1013 1496 ut
1025 1442 1130 1508 eatena,
1148 1453 1238 1514 quum

179 1517 352 1598 amplificata
372 1525 453 1592 sunt,
471 1517 656 1593 interimunt,
675 1537 730 1581 neo
748 1519 839 1579 ullum
859 1519 966 1579 animal
986 1526 1031 1580 est
1053 1520 1118 1580 sine
1133 1538 1237 1582 sensu:

121 1607 161 1667 14
178 1603 290 1664 nullum
308 1603 397 1682 igitur
418 1603 525 1664 animal
544 1611 587 1664 est
602 1610 761 1664 aeternum.
791 1602 906 1664 Etenim
922 1611 972 1664 aut
986 1603 1111 1683 simplex
1126 1612 1174 1666 ost
1187 1623 1238 1665 na-

178 1695 243 1748 tura
263 1688 433 1761 animantis,
454 1695 486 1749 ut
506 1689 549 1748 vel
567 1695 683 1750 terrena
704 1688 740 1748 sit
758 1687 900 1766 velignea
914 1689 958 1749 vel
974 1688 1108 1750 animalis
1124 1690 1169 1750 vel
1183 1690 1238 1750 hu·

177 1773 269 1847 mida3
288 1772 367 1852 quod
382 1773 465 1852 quale
481 1773 533 1845 sit,
552 1791 590 1834 na
604 1773 722 1852 intelligi
737 1771 853 1851 quidem
869 1778 980 1851 potest:
1001 1780 1052 1834 aut
1067 1782 1237 1852 concretum

178 1865 223 1918 est
242 1877 277 1916 ox
296 1856 428 1936 pluribus
449 1856 577 1932 naturis,
604 1875 726 1936 quarum
747 1875 834 1917 suum
856 1875 988 1936 quaeque
1006 1857 1105 1918 locum
1126 1859 1237 1932 habeat,
1292 1901 1293 1904 κ

178 1960 238 2020 quo
253 1949 373 2002 naturae
386 1942 414 2001 vi
429 1944 545 2015 foratur,
560 1942 613 2003 alia
627 1942 772 2015 infimum,
788 1941 842 2002 alia
857 1959 1016 2016 summum,
1032 1942 1086 2004 alia
1097 1943 1236 2004 medium.

179 2024 257 2086 llaec
282 2026 318 2085 ad
345 2027 491 2104 quoddam
516 2035 632 2106 tempus
657 2028 812 2088 cohaerere
831 2034 973 2105 possunt,
1000 2045 1121 2106 semper
1142 2037 1237 2089 autem

179 2109 259 2169 nullo
276 2109 365 2170 modo
381 2118 522 2188 possunt;
541 2129 660 2172 neeesse
680 2118 724 2171 est
743 2111 822 2170 enim
842 2110 873 2170 in
889 2128 976 2171 suum
992 2129 1125 2191 quaeque
1138 2112 1236 2174 locum

103 2265 108 2276 „
126 2199 284 2258 donatura
309 2189 447 2270 rapiatur.
483 2194 600 2254 Nullum
626 2195 713 2273 igitur
733 2195 839 2256 animal
857 2202 903 2256 est
922 2197 1144 2276 sempiternum.
1181 2197 1236 2258 Sed

179 2275 278 2337 omnia
294 2277 394 2353 vestri,
414 2277 518 2351 Balbe,
539 2279 637 2338 solent
652 2281 687 2340 ad
703 2279 818 2358 igneam
833 2280 892 2340 rim
906 2281 1029 2354 referre,
1047 2281 1236 2354 Heraclitum,

177 2368 210 2422 nt
235 2359 355 2440 opinor,
381 2370 549 2442 sequentes:
576 2382 662 2443 quem
686 2365 785 2444 ipsum
804 2381 866 2425 non
887 2383 989 2426 omnes
1008 2365 1237 2445 interpretantur

177 2478 214 2529 Er
230 2478 321 2542 geldrt
335 2479 390 2529 also
404 2495 436 2529 zu
448 2481 494 2530 der
505 2479 567 2530 oben
581 2479 599 2542 l,
613 2481 635 2546 9,
650 2480 682 2531 23
736 2480 761 2532 εἰ
780 2479 834 2550 μὲν
855 2475 995 2564 ddyuprpd
1015 2480 1084 2547 dora,
1106 2479 1236 2554 φθαρτόν
1293 2509 1294 2514 =

176 2547 364 2612 besproohenen
378 2545 496 2611 Gattung.
733 2545 800 2598 doru.
824 2549 882 2600 πᾶν
903 2565 957 2617 γαρ
977 2545 1009 2599 τὸ
1026 2547 1097 2601 κατὰ
1115 2546 1236 2603 σύνοδὸν

211 2613 496 2680 diminutiomem.
520 2616 680 2667 llasProno-
733 2631 816 2667 τινων
834 2611 1024 2682 ἀποτελεσθὲν
1044 2613 1151 2686 ἀνάγκη
1173 2616 1235 2668 dta-

176 2697 232 2733 men
245 2682 338 2732 konote
351 2685 414 2734 ohne
426 2683 558 2735 Nachtlreil
577 2691 680 2752 gaspnrt
733 2679 870 2751 λυόμενον
882 2688 1064 2753 φθείρεσθὰι.

177 2751 293 2812 werden3
312 2752 374 2800 doeh
387 2753 442 2802 sind
454 2753 568 2803 iihnliohe
581 2752 678 2802 Stellen
767 2756 912 2803 ernostum
925 2757 966 2802 est
977 2753 1032 2802 soil.
1045 2756 1170 2820 mearam,
1182 2769 1234 2804 was

176 2819 244 2867 nieht
252 2833 298 2881 gar
307 2819 397 2868 seiten.
419 2819 477 2884 Vgl.
488 2821 550 2870 olen
562 2819 590 2886 ΙΙ,
600 2820 624 2884 9,
635 2819 677 2870 24.
732 2833 778 2868 uus
790 2819 846 2868 dem
857 2821 976 2882 vorherg.
989 2824 1085 2872 natura
1097 2825 1235 2873 mamantis

76 2903 81 2907 ·
176 2885 251 2935 Veri.
274 2883 431 2948 1,59,154:
454 2887 561 2949 (lodoin
582 2891 679 2938 cirrum
732 2901 764 2935 zu
785 2889 919 2938 verstehen
939 2887 981 2938 ist
1010 2888 1081 2938 Denn
1103 2891 1162 2939 dass
1182 2890 1235 2938 dies

175 2953 320 3000 matrimom-
330 2955 409 3016 oam't,
422 2957 483 3018 quin
494 2959 517 3005 io
529 2971 679 3021 unoquoque
732 2955 793 3007 ancli
805 2956 844 3004 tls
856 2954 980 3005 Neutrum
997 2956 1089 3020 singul.
1108 2955 1234 3008 austraten

174 3016 262 3081 gradu
279 3017 310 3066 da
321 3022 431 3068 oranda
447 3025 493 3071 tua
507 3037 679 3073 commonere·
731 3014 820 3086 kdnne,
831 3023 865 3073 ist
874 3023 942 3073 nicht
951 3023 1152 3089 zubezweiielu‚
1161 3039 1233 3075 wenn

177 3084 237 3133 tior?
249 3081 352 3132 Sallust.
363 3083 414 3146 lug.
424 3085 464 3148 36,
475 3089 501 3135 7:
513 3103 593 3137 norom
602 3091 677 3138 domo
732 3089 785 3138 sich
797 3092 858 3140 auch
871 3096 943 3140 aonst
954 3091 998 3140 bei
1008 3089 1035 3140 C.
1050 3106 1099 3140 nur
1110 3092 1235 3158 Boiapiele

175 3164 250 3201 amno
268 3153 321 3199 tmn
338 3149 424 3201 clareas
436 3158 505 3217 erat,
524 3158 583 3219 quin
597 3159 622 3205 ts
637 3158 678 3206 in·
731 3156 776 3206 des
789 3164 870 3208 noutr⁴
884 3157 949 3223 plur.
962 3158 1054 3208 finden.

175 3218 585 3286 wasidotonoreiaomtor.
766 3223 806 3273 35.
828 3225 982 3276 Hmolitum
998 3232 1139 3292 sequoretur.
1165 3228 1233 3278 Deua

211 3279 262 3340 14·
279 3286 387 3338 Etenim.
411 3286 468 3352 Vgl.
485 3305 517 3338 zu
533 3288 563 3352 ll,
582 3289 621 3355 16,
635 3291 676 3342 42.
731 3293 793 3341 unuh
807 3291 990 3358 dieser'lelrrtq
1003 3295 1053 3342 wie
1067 3295 1140 3359 lliog.
1149 3295 1178 3345 L.
1190 3295 1234 3358 lX,

174 3356 265 3407 -Die
277 3355 484 3420 Argumentation
504 3358 548 3407 des
566 3357 675 3410 Caroea·
732 3358 827 3421 tsagt:
845 3357 874 3410 ἰκ
891 3355 981 3432 πυρὸς
996 3355 1029 3410 τὰ
1047 3356 1142 3413 πάντα
1155 3375 1234 3415 συνε-

175 3427 219 3475 des
236 3427 305 3476 steht
321 3425 361 3475 bei
378 3426 450 3477 Sext.
469 3426 538 3492 Emp.
557 3425 675 3492 lX‚180:
732 3421 830 3477 oroivnt
847 3428 893 3477 καὶ
905 3429 1036 3485 sicandro
1051 3423 1233 3482 ἀναλύεσθαι.

175 3495 199 3544 ei
213 3492 271 3544 ἔστι
283 3497 376 3560 θεῖον,
395 3487 457 3559 ἤτοι
475 3489 557 3564 σῶμά
570 3489 675 3562 rorant
730 3495 792 3544 oder
808 3496 856 3544 wie
874 3497 945 3545 seiae
963 3497 1068 3560 eigenen
1083 3497 1177 3548 Worte
1194 3499 1234 3548 bei

175 3555 334 3628 ἀσώματον.
364 3556 433 3612 ἀλλὰ
455 3557 515 3613 dod
540 3579 608 3614 ατον
622 3561 685 3632 μὲν,
730 3562 807 3613 Clem.
826 3562 1077 3615 Alex.Strom.Vo.
1094 3565 1125 3614 14
1147 3565 1233 3645 §.105

175 3621 224 3675 οὐκ
245 3622 279 3677 ἂν
303 3631 344 3692 εἴη
366 3625 413 3678 διὰ
438 3626 486 3687 τὰς
510 3637 676 3701 εμπροσθεν
729 3631 826 3680 lanten:
845 3625 955 3700 κόσμον
971 3625 1020 3682 τὸν
1036 3627 1123 3682 αὐτὸν
1138 3629 1234 3684 απάν-

173 3688 244 3760 ἡμῖν
258 3695 405 3762 εἰρημένας
416 3698 519 3753 αἰτίας·
538 3700 562 3748 si
575 3698 606 3749 dl
619 3701 675 3749 σῶ-
729 3691 855 3749 τωνοῦτε
865 3715 906 3754 τις
915 3700 993 3766 droia
1000 3691 1063 3750 οὔτε
1070 3695 1233 3770 ἀνθρώπων

174 3753 216 3826 μά
228 3757 317 3819 ἐστιν,
330 3754 392 3823 ἤτοι
405 3759 544 3832 σύγκριμά
557 3764 633 3816 ἔστιν
645 3765 676 3816 ἐκ
729 3763 876 3828 ἐποίησεν,
898 3760 954 3814 ἀλλ’
977 3765 1011 3830 ἡν
1032 3761 1075 3817 ἀεὶ
1092 3770 1138 3816 καὶ
1157 3765 1234 3820 ἔστιν

174 3825 231 3875 τῶν
250 3820 349 3875 ἁπλῶν
370 3833 516 3893 στοιχείων
532 3825 548 3894 ἢ
566 3827 676 3884 ἁπλοῦν
729 3828 865 3881 notiores
877 3833 935 3901 πῦρ
945 3827 1234 3903 ἄείζωονᾶπτόμενον

175 3887 235 3940 lora
255 3891 301 3939 καὶ
318 3893 494 3957 στοιχειῶδες
509 3898 599 3966 σῶμα.
629 3899 675 3948 καὶ
728 3899 817 3966 μέτρα
826 3898 872 3948 καὶ
882 3894 1234 3973 ἄποσβεννύμενονμίτρα.
