2622 4326
510 201 554 251 DE
571 199 708 252 NATURA
726 199 866 251 DEORUM
943 272 950 288 st

302 373 378 434 prae
393 373 422 414 se
436 354 530 416 bubos
544 354 648 426 coluit,
664 357 788 416 obrtices
802 356 834 414 oi
847 354 978 424 abscitum

305 445 367 500 ruit
377 439 535 518 prolapsu·
547 439 669 518 pe'lopus
685 443 841 518 resperpit3
862 437 957 514 rellot.

307 522 353 584 lto
368 525 437 584 duro
452 528 646 602 interruptum
661 524 764 598 credas
777 522 909 582 nimbum
924 521 1046 594 obluier,

308 608 377 668 dum
392 609 466 686 qubd
481 607 601 668 sublime
616 608 708 668 obuiis
723 607 878 686 enpulsbm
892 609 963 685 rupi

308 711 415 753 sucum
431 694 482 753 ciet
491 693 644 772 procellis,
660 692 707 752 ubl
720 692 852 771 qlobosos
868 690 996 752 turbines

308 782 444 838 insistere
459 782 530 838 ictos
544 779 631 838 cludis
646 776 899 838 concursantibus:

307 865 366 921 uisi
379 865 451 940 quds
466 873 615 923 terrestres
630 861 737 922 Pbutus
751 872 861 939 stropes
879 864 1000 921 cbuciet:

308 957 359 1006 out
371 948 448 1026 fdrte
465 945 573 1016 Triton,
588 948 705 1026 [bsciuo
722 947 852 1007 evertens
866 963 979 1024 specus,

307 1030 406 1092 subter
420 1031 533 1090 radices
544 1032 660 1109 pinitus
675 1032 800 1092 undanti
812 1036 843 1090 in
857 1031 932 1109 freto

307 1115 411 1174 molem
427 1116 465 1174 dcc
476 1116 627 1194 profundo
644 1118 765 1176 sdoceom
782 1114 947 1180 odcoelum
963 1114 1049 1173 e'ruit.

249 1214 365 1275 Dubitat
383 1215 493 1292 primo,
515 1234 587 1293 quae
609 1216 647 1276 sit
667 1236 700 1276 ea
718 1224 835 1287 natura,
857 1233 943 1294 qnam
965 1213 1058 1275 cernit
1084 1213 1224 1291 ignotam3

164 1299 298 1376 idemque
312 1299 463 1359 iuvenibus
479 1300 549 1360 visis
565 1301 721 1380 auditoque
736 1301 852 1362 nautico
877 1308 997 1360 cantu:-

308 1404 354 1545 ἵει
363 1404 475 1545 iqcitoti
488 1412 515 1462 et
529 1403 642 1463 dlocres
657 1406 761 1463 rostris
773 1404 961 1482 perfremunt

328 1504 341 1544 e
351 1505 371 1564 p
394 1489 444 1545 iui.
465 1521 506 1530 -
589 1493 593 1500 ’

100 1599 106 1608 ’
163 1589 236 1649 Item
252 1587 305 1648 alia
320 1587 425 1648 multa:
452 1633 456 1641 .

269 1736 273 1742 .
309 1725 322 1735 -
337 1726 353 1734 -
369 1688 485 1750 Siluani
498 1689 572 1750 melo
1091 1764 1098 1770 ³

311 1775 487 1836 consimilem
503 1776 541 1836 od
556 1777 638 1860 euris
654 1776 770 1834 cdntum
785 1784 812 1834 et
826 1774 956 1834 auditum
971 1775 1072 1853 refert.

90 1889 145 1956 ,90
166 1877 243 1956 Ergo
264 1885 296 1937 ut
315 1877 363 1937 hic
382 1877 477 1955 licimo
503 1877 641 1954 adspectu
661 1874 823 1936 inanimum
849 1874 987 1953 quiddam
1009 1892 1160 1952 sensuque
1179 1893 1226 1934 va-

165 1965 253 2024 cuum
269 1981 300 2020 se
315 1967 398 2040 putat
413 1979 541 2033 cernere,
558 1969 627 2038 post
642 1968 738 2022 autem
755 1960 845 2038 signis
862 1958 1034 2019 certioribus
1051 1959 1137 2037 quale
1149 1959 1187 2019 sit
1198 1958 1226 2019 id

108 2071 111 2078 ’
166 2048 201 2107 de
216 2064 273 2124 quo
290 2045 468 2105 dubitaverat
482 2044 584 2122 incipit
599 2045 756 2122 suspicari:
773 2045 815 2105 sic
830 2043 1001 2123 philosophi
1013 2043 1186 2117 debuerunt,
1202 2044 1225 2104 si

166 2133 241 2191 sorte
257 2148 308 2188 eos
324 2129 437 2206 primus
453 2130 607 2206 adspectus
625 2129 728 2190 mundi
743 2129 977 2202 conturbaverat,
998 2135 1116 2208 postea,
1138 2147 1225 2208 quum

165 2213 308 2274 vidissent
328 2224 427 2273 motus
447 2211 509 2272 eius
525 2213 624 2274 finitos
639 2221 667 2274 et
682 2213 863 2292 aequabiles,
884 2213 1043 2292 omniaque
1059 2214 1131 2274 ratis
1149 2214 1225 2274 ordi-

165 2297 252 2358 nibus
273 2297 423 2368 moderata
444 2297 673 2376 immutabilique
694 2299 869 2373 constantia,
890 2299 1047 2376 intelligere
1062 2297 1161 2359 inesse
1176 2298 1226 2358 ali-

166 2402 254 2462 quem
278 2401 341 2442 non
367 2383 464 2443 solum
484 2381 677 2443 habitatorem
696 2382 727 2442 in
746 2383 801 2444 hac
822 2383 937 2444 caelesti
958 2403 991 2443 ac
1012 2382 1110 2443 divina
1127 2383 1225 2455 domo,

166 2468 332 2529 sedetiam
357 2476 501 2529 rectorem
527 2475 555 2528 et
579 2469 798 2528 moderatorem
818 2476 847 2528 et
864 2475 1015 2547 tamquam
1035 2467 1227 2528 architectum

108 2553 239 2615 nutanti
266 2553 364 2632 operis
390 2553 520 2632 tantique
546 2553 686 2614 muneris.
728 2553 812 2614 Nunc
832 2561 929 2614 autem
949 2552 1027 2612 mihi·
1036 2551 1172 2614 videntur
1192 2571 1227 2612 ne

167 2639 311 2717 suspicari
332 2639 464 2717 quidem,
485 2646 592 2717 quanta
610 2639 648 2699 sit
663 2637 869 2698 admirabilitas
885 2637 1051 2697 caelestium
1067 2656 1168 2698 rerum
1185 2645 1227 2697 at·

113 2729 143 2779 91
167 2742 222 2801 que
233 2724 421 2784 terrestrium.
453 2721 604 2803 Principio.
615 2721 694 2782 enim
705 2730 791 2796 terra,
807 2723 862 2783 sita
874 2722 904 2782 in
916 2721 1011 2782 media
1023 2729 1107 2800 parte
1117 2721 1228 2794 mundi,

166 2809 343 2869 circumfusa
369 2808 498 2886 undique
524 2815 572 2868 est
594 2799 653 2868 ham⁴
668 2805 814 2868 animabili
835 2806 1022 2886 spirabilique
1038 2814 1158 2881 natura,
1184 2807 1227 2867 cui

167 3029 258 3071 neunte
280 3023 326 3071 der
345 3022 478 3084 folgenden
491 3025 573 3077 Versa
591 3041 669 3088 ange·
759 3015 810 3075 36.
838 3026 879 3076 91.
906 3030 933 3076 in
943 3025 1027 3076 medio
1041 3025 1229 3093 partemsmdt'.

166 3089 356 3139 l'iihrtwird.—
365 3089 425 3140 V.4.
436 3091 518 3153 reflat.
537 3092 668 3142 DerHirte
723 3093 784 3143 Dies
796 3094 906 3144 meinten
919 3093 987 3144 nicht
999 3093 1054 3143 blus
1067 3094 1108 3143 die
1118 3093 1229 3156 Stoiker,

166 3158 220 3208 hiilt
239 3157 285 3207 das
303 3157 383 3206 Scbiff
393 3156 442 3208 ,fta
462 3159 502 3207 ein
519 3158 667 3224 Ungcthiim,
724 3163 833 3211 sondcrn
855 3177 882 3212 es
899 3177 952 3212 war
969 3161 1018 3210 seit
1034 3160 1102 3210 alter
1114 3161 1176 3212 Zeit
1192 3163 1229 3211 die

166 3227 210 3276 des
232 3225 391 3276 schuaubend
414 3225 521 3293 (spiritu
537 3243 563 3276 v.
580 3227 608 3289 2)
631 3229 669 3278 die
723 3229 891 3281 herrscbende
913 3229 1019 3280 Ansicht
1042 3229 1088 3278 der
1112 3229 1230 3291 Meisteu,

166 3292 268 3344 Wellen
286 3309 334 3345 vor
351 3293 403 3344 sich
420 3309 477 3357 weg
493 3294 567 3344 bldst.
600 3294 631 3346 V.
645 3296 669 3344 5.
724 3297 899 3348 uusdriicklich
929 3298 1037 3359 bezeiagt
1061 3311 1112 3346 von
1137 3297 1230 3348 Thales

164 3366 339 3427 interruptum
362 3364 488 3412 nimbum:
513 3363 587 3426 „eine
611 3363 670 3412 her·
726 3363 1231 3431 (Plut.pla'c.pbil.Ill‚11),Auaximan-

166 3432 254 3481 stende
267 3428 464 3494 Regenwolhe.“
490 3431 670 3482 dum-dum
724 3434 770 3482 der
784 3434 863 3496 (Πίος.
876 3434 905 3484 L.
919 3431 948 3494 ll,
963 3431 996 3497 1),
1009 3431 1168 3498 Pythagoras
1183 3432 1230 3496 (ld.

167 3499 500 3549 scheintalterthiimlich=
510 3504 606 3550 tum-
615 3503 671 3550 lum
724 3499 789 3565 Vlll,
802 3501 858 3564 25),
873 3500 1014 3566 Leucippus
1028 3499 1084 3566 (IX,
1099 3499 1157 3565 30),
1169 3501 1231 3551 Dio-

167 3579 199 3612 zu
219 3566 281 3615 scin.
309 3566 341 3618 V.
361 3566 400 3616 10.
426 3565 526 3632 Triton,
549 3569 594 3618 der
614 3568 670 3620 dem
725 3583 802 3631 genes
814 3585 839 3619 v.
850 3569 983 3635 Apollonia
997 3567 1055 3632 (IX,
1069 3568 1112 3633 52>
1126 3585 1152 3618 u.
1165 3567 1214 3620 Aa,

166 3629 290 3680 Poseidon
310 3635 523 3696 untergeordnete
541 3635 670 3700 Meergott
758 3637 901 3702 animabili,
921 3637 1092 3701 „belebend“;
1112 3636 1173 3688 weil
1186 3638 1232 3700 sie,

168 3697 204 3758 (S.
213 3694 232 3758 l,
243 3695 284 3759 28,
298 3697 349 3760 78),
362 3701 408 3748 der
419 3703 569 3753 nementlieh
582 3704 608 3752 in
620 3705 668 3753 den
724 3702 772 3753 wie
785 3719 813 3752 es
826 3721 846 3753 c.
859 3705 900 3770 45,
917 3704 964 3754 117
982 3705 1074 3770 heisst,
1091 3704 1196 3756 uitulum
1209 3709 1235 3754 et

167 3765 336 3826 stramungen
348 3767 442 3818 waltet.
724 3769 864 3821 solutorem
872 3775 1108 3891 ‘Kl'llumlllmml
1115 3777 1234 3824 muman-

202 3830 496 3896 90.tantiquemuncns.
509 3837 666 3904 S.zu1,8,19.
723 3838 799 3888 tibus.
824 3839 870 3890 Die
906 3840 941 3904 dj.
959 3855 991 3890 au
1020 3839 1077 3892 bibis
1094 3841 1175 3893 haben
1197 3842 1236 3893 oft
