2622 4326
230 73 249 106 p
335 125 338 130 .

181 285 242 347 118
532 279 575 330 nn
594 279 729 330 narum
748 277 884 330 nnonuu
947 257 954 268 “

179 435 295 507 mundi,
311 453 343 494 ea
359 441 388 493 et
402 434 466 512 ipsa
479 441 540 494 tota
555 443 657 494 natura
672 433 779 494 fervida
794 439 880 492 estet
895 429 998 491 ceteris
1013 429 1253 492 naturisomni-

126 536 159 587 28
179 523 235 582 bus
256 520 411 580 salutarem
431 519 559 600 impertit
578 527 607 579 et
620 517 734 578 vitalem
750 517 885 578 calorem.
914 516 957 576 Ex
973 533 1032 594 quo
1048 516 1252 589 concluditur.

179 624 269 686 quum
291 609 393 663 omnes
412 604 513 664 mundi
533 613 630 682 partes
650 601 849 662 sustineantur
863 600 972 673 calore,
993 601 1141 661 mundum
1157 601 1252 662 etiam

180 692 278 770 ipsum
300 688 387 749 simili
405 688 526 767 parique
542 697 644 748 natura
659 689 689 748 in
704 694 782 748 tanta
798 685 987 747 diuturnitate
1004 686 1129 746 servari:
1152 704 1253 765 eoque

179 773 287 852 magis,
314 773 393 852 quod
417 773 533 850 intelligi
559 773 643 834 debet
672 771 796 832 calidum
816 771 887 830 illud
909 777 995 849 atque
1013 770 1135 847 igneum
1156 770 1197 831 ita
1221 771 1252 830 in

180 859 259 919 omni
281 859 377 918 tarsum
399 875 465 918 esse
484 867 599 928 natura,
619 865 651 917 ut
665 857 696 916 in
711 875 745 916 eo
761 856 831 916 insit
845 855 1020 934 procreandi
1034 854 1078 914 vis
1095 862 1124 914 et
1141 875 1251 916 caussa

138 976 142 982 -
181 943 330 1022 gignendi,
351 962 367 1002 a
388 961 445 1022 qno
467 950 494 1002 et
511 942 666 1003 animantia
683 941 781 1002 omnia
796 949 824 1001 et
839 959 880 1013 ea,
897 957 1023 1019 quorum
1042 941 1154 1018 stirpes
1170 949 1250 1001 terra

95 1086 98 1092 ,
124 1033 163 1092 11
183 1029 377 1099 continentur,
396 1037 424 1087 et
438 1028 518 1087 nasci
534 1027 572 1088 sit
586 1045 705 1087 necesse
721 1034 749 1086 et
764 1043 926 1104 augescere.
957 1023 1068 1084 Natura
1084 1032 1130 1084 est
1149 1025 1249 1102 igitur,

127 1121 161 1173 29
182 1133 254 1192 quae
273 1113 419 1172 contineat
438 1112 580 1172 mundum
603 1129 722 1170 omnem
742 1129 866 1189 eumque
885 1117 1009 1182 tueatur,
1030 1117 1058 1168 et
1076 1127 1109 1169 ea
1127 1111 1248 1187 quidem

179 1215 240 1258 non
257 1197 319 1256 sine
335 1213 424 1256 sensu
439 1202 525 1274 atque
536 1195 656 1256 ratione.
678 1196 804 1256 Omnem
816 1195 894 1255 enim
907 1201 1041 1254 naturam
1053 1211 1179 1255 neeesse
1191 1205 1247 1266 est,

181 1299 253 1359 quae
273 1299 334 1340 non
354 1279 481 1340 solitaria
497 1281 535 1340 sit
549 1298 644 1359 neque
661 1280 799 1360 simplex,
819 1281 871 1340 sed
887 1297 953 1339 cum
969 1279 1025 1338 alio
1041 1279 1143 1340 iuncta
1159 1288 1248 1360 atque

181 1381 326 1434 connexa,
345 1364 450 1424 habere
466 1365 590 1444 aliquem
605 1365 636 1425 in
652 1384 683 1426 se
698 1365 916 1445 principatum,
928 1373 960 1424 ut
975 1363 1005 1423 in
1020 1363 1145 1424 homine
1160 1383 1248 1426 men-

180 1457 254 1520 tem,
273 1450 303 1508 in
323 1449 415 1510 bellua
430 1449 567 1528 quiddam
583 1451 677 1511 simile
692 1450 814 1522 mentis,
834 1449 911 1509 unde
927 1449 1058 1509 oriantur
1073 1467 1177 1509 rerum
1194 1469 1248 1528 ap-

180 1535 297 1612 petitus.
328 1533 359 1593 ln
380 1535 519 1595 arborum
538 1543 634 1596 autem
654 1543 682 1595 et
701 1535 800 1594 earum
820 1550 932 1606 rerum,
954 1550 1028 1610 quae
1048 1533 1214 1611 gignuntur
1232 1555 1248 1594 e

181 1627 270 1688 terra,
291 1618 437 1680 radicibus
458 1621 556 1681 inesse
576 1620 756 1700 principatus
773 1625 900 1697 putatur.
931 1617 1133 1695 Principatum
1149 1629 1247 1680 autem

180 1703 210 1766 id
230 1705 309 1778 dieo,
335 1706 413 1783 quod
434 1705 536 1766 Graeci
555 1698 747 1789 ἡγεμονικόν
767 1712 884 1775 vocant,
906 1721 963 1781 quo
983 1703 1054 1762 nihil
1075 1704 1105 1763 in
1128 1723 1248 1783 qunque

180 1807 286 1866 genere
304 1807 359 1850 nec
377 1798 475 1869 potest
497 1809 552 1850 nee
571 1790 655 1854 debet
674 1809 740 1850 esse
759 1787 963 1868 praestantius
1003 1787 1103 1866 ltaque
1122 1807 1248 1850 necesse

181 1882 226 1935 est
240 1875 308 1935 illud
320 1875 414 1947 etiam,
429 1876 459 1934 in
472 1894 529 1953 quo
542 1875 579 1936 sit
590 1875 680 1935 totius
691 1883 812 1935 naturae
822 1873 1012 1952 principatus,
1027 1891 1094 1933 esse
1107 1875 1248 1935 omniurn

182 1960 326 2037 optimum
339 1960 529 2039 omniumque
540 1976 638 2020 rerum
651 1967 794 2038 potestate
806 1958 1014 2036 dominatuque
1025 1957 1248 2034 dignissimum.
1301 1999 1302 2002 =

74 2115 81 2124 ,
128 2054 160 2105 30
181 2043 318 2103 Videmus
339 2051 434 2104 autem
450 2044 479 2103 in
495 2044 626 2123 partibus
641 2043 744 2105 mundi
767 2043 849 2121 (nihil
865 2050 909 2102 est
923 2043 1000 2102 enim
1016 2041 1046 2101 in
1060 2043 1143 2103 omni
1155 2063 1248 2104 mun-

73 2197 82 2216 s
181 2127 234 2199 do,
250 2127 328 2204 quod
343 2145 404 2186 non
420 2147 488 2206 pars
505 2128 631 2189 universi
648 2130 716 2204 sit,)
732 2129 829 2188 inesse
844 2145 965 2188 sensum
980 2136 1008 2188 et
1022 2127 1182 2189 rationem.
1214 2130 1248 2190 ln

181 2229 213 2270 ea
233 2219 314 2287 parte
333 2210 429 2288 igitur,
451 2212 482 2271 in
498 2231 553 2290 qua
568 2213 671 2273 mundi
686 2213 762 2274 inest
776 2212 971 2292 principatus
987 2213 1060 2272 haee
1075 2213 1176 2273 inesse
1193 2232 1247 2274 ne-

182 2312 263 2354 cesse
283 2302 339 2368 est,
359 2302 388 2354 et
405 2295 516 2355 acriora
537 2297 755 2376 quidematqne
770 2297 890 2358 maiora.
921 2297 1064 2370 Quocirca
1079 2298 1247 2376 sapientem

181 2397 246 2439 esse
271 2379 415 2440 mundum
434 2398 553 2442 necesse
576 2389 633 2455 est,
659 2391 851 2460 natmamque
871 2401 949 2455 eam,
975 2401 1115 2461 quaeres
1138 2401 1246 2443 omnes
1300 2427 1301 2430 ,

182 2465 331 2543 complexa
346 2473 456 2538 teneat,
471 2467 650 2544 perfectione
664 2467 785 2528 rationis
801 2468 945 2538 excellere,
962 2485 1055 2546 eoque
1070 2467 1161 2528 deum
1178 2487 1246 2528 esse

180 2552 325 2611 mundum
342 2569 519 2630 omnemque
532 2553 590 2612 vim
611 2553 711 2613 mundi
735 2560 836 2612 natura
852 2552 947 2612 divina
964 2551 1116 2612 contineri.
1148 2553 1246 2632 Atque

215 2701 255 2753 28.
281 2704 405 2756 mundum
428 2708 525 2773 ipsum:
550 2706 590 2756 die
612 2705 684 2756 Welt

182 2771 273 2834 selbst,
290 2772 321 2821 im
335 2771 478 2837 Gegensatz
497 2790 529 2824 zu
546 2775 616 2823 ihren
630 2774 683 2822 ein-

182 2838 271 2888 zelnen
288 2839 406 2905 Theilen,
430 2843 453 2891 d.
469 2843 491 2891 lr.
509 2843 549 2891 die
562 2841 635 2891 Welt
652 2842 684 2890 im

182 2905 293 2955 Ganzen.
316 2906 374 2968 Vgl.
388 2924 409 2957 c.
425 2908 464 2967 12,
475 2908 520 2958 32:
538 2910 607 2960 nulla
621 2925 685 2978 pars

181 2974 296 3036 corporis
308 2978 358 3038 est,
376 2990 439 3037 quae
455 2991 506 3024 nora
520 2980 627 3027 anducate
640 2979 684 3039 sit,

181 3044 607 3173 wizzaggrwltlt'ggeltrsausszisiffltur.
632 3112 685 3162 Nu-

182 3176 242 3224 tura
255 3172 351 3222 scheint
364 3173 431 3223 nieht
445 3174 556 3242 subject,
575 3178 684 3227 sondern

180 3239 298 3292 Prddieat
315 3255 347 3290 au
364 3241 418 3290 dem
436 3257 480 3291 aus
499 3243 554 3294 dem
572 3244 682 3307 Vorigen

182 3326 214 3359 zu
236 3310 420 3361 verstelrenden
444 3309 548 3374 Subjeet
575 3311 684 3364 ceddum

180 3377 246 3430 illud
255 3383 331 3444 atque
339 3380 445 3445 igneum
455 3394 486 3427 zu
496 3379 561 3428 seiri:
574 3381 682 3430 dieses

181 3461 293 3497 warine
322 3448 381 3497 und
410 3445 532 3511 leurige
556 3447 682 3514 Prineip

182 3512 225 3563 ist
242 3514 427 3580 einWesen,
440 3516 681 3579 welchesu.s.w‚

182 3578 265 3630 Ueber
288 3584 357 3633 seiae
381 3582 604 3636 Versclriedenlreit
632 3597 682 3634 von

181 3645 237 3696 dein
250 3648 382 3718 irdisclien‚
395 3652 529 3715 eigentlielr
542 3666 682 3718 segemun-

181 3719 223 3763 ten
235 3713 320 3764 Feuer
331 3732 352 3766 s.
365 3726 442 3768 unten
454 3736 476 3769 e.
489 3721 527 3784 15,
541 3721 581 3772 40.

215 3796 273 3831 eum
289 3782 339 3831 alio
359 3786 445 3833 iuncta
464 3792 540 3852 atqua
560 3805 684 3854 connexa.

181 3847 310 3912 Richtiger
329 3849 398 3898 hiitte
419 3850 507 3901 Cicero
529 3863 628 3918 gesagt:
650 3873 685 3910 efc

179 3917 296 3986 pluribus
310 3917 400 3966 iuncta
420 3921 446 3964 et
461 3924 610 3986 compotita.
637 3917 684 3970 Ἐν

738 2705 822 2756 παντὶ
847 2701 1001 2770 πολυμέρεῖ
1024 2697 1064 2752 σώ
1089 2719 1132 2752 art
1164 2705 1245 2754 heisst

738 2788 766 2822 es
784 2772 824 2822 bei
838 2771 908 2821 Sext.
919 2769 1045 2836 EmplX,
1075 2769 1115 2834 to,
1132 2786 1174 2820 wo
1190 2773 1244 2822 die-

739 2856 768 2890 se
787 2841 901 2890 Stoische
914 2837 1124 2902 Argumentation
1138 2839 1244 2889 relerirt
1299 2861 1300 2868 ι

738 2909 811 2959 wird.

771 2981 802 3026 ut
812 2978 840 3026 in
852 2977 952 3024 donuae
963 2978 1073 3024 mentem
1085 2973 1128 3024 tur
1140 2979 1172 3026 nt
1183 2976 1245 3024 oder

738 3044 819 3159 quplie
831 3047 856 3093 in
869 3045 970 3094 leontice
980 3057 1051 3092 mens
1066 3047 1114 3092 est.
1139 3041 1200 3106 Vgl.
1214 3059 1244 3092 zu

737 3111 757 3174 l,
787 3111 810 3172 9,
824 3111 865 3160 82.

770 3181 798 3229 iu
808 3177 1111 3231 arcerem—radiatos.
1125 3177 1244 3230 Genauer

737 3247 777 3298 bei
790 3247 862 3297 Sext.
881 3247 897 3297 l.
912 3247 928 3296 1.
949 3244 997 3295 ἐπὶ
1019 3243 1049 3296 δὲ
1070 3246 1126 3298 τῶν
1148 3247 1244 3315 φυτῶν

738 3309 770 3365 οὐ
787 3309 923 3380 κατὰιτὸν
938 3307 1023 3364 αὐτὸν
1040 3308 1164 3381 τρόπον,
1186 3309 1241 3363 ἀλλ’

737 3376 779 3450 ἐφ’
792 3371 831 3432 ὧν
843 3380 896 3450 μὲν
907 3377 976 3432 κατὰ
987 3375 1036 3437 τὰς
1047 3381 1131 3451 ῥίζας,
1146 3377 1190 3451 ἐφ’
1207 3368 1244 3432 ὧν

738 3449 768 3502 ds
778 3445 847 3499 κατὰ
858 3443 907 3514 τὴν
915 3444 1013 3518 κόμην,
1027 3443 1069 3520 ἐφ’
1083 3436 1122 3501 ὧν
1133 3447 1164 3500 δὲ
1175 3445 1242 3500 κατὰ

737 3513 767 3568 τὸ
781 3511 938 3584 ἐγκάρδιον.

771 3583 811 3634 30.
832 3600 932 3636 omnem
947 3590 996 3637 auin
1012 3583 1103 3636 mundi
1118 3590 1172 3636 nat.
1192 3586 1239 3637 die.
1297 3595 1298 3609 ¹

737 3656 801 3703 cont.
825 3653 888 3716 „Die
902 3652 974 3705 Welt
984 3654 1030 3704 mit
1041 3652 1126 3706 Allem
1138 3669 1193 3703 was
1212 3671 1242 3702 zu

737 3722 814 3771 ihrem
824 3718 920 3770 Weseu
931 3722 981 3771 und
991 3720 1088 3784 Begrill'
1093 3723 1186 3784 gelriirt
1198 3721 1241 3772 be-

737 3789 795 3837 ruht
811 3789 836 3836 in
853 3788 931 3837 ilrrem
945 3789 1036 3838 llasein
1054 3789 1104 3838 und
1117 3790 1240 3839 Bestelren
1296 3841 1297 3852 ,

737 3853 783 3903 aul
797 3855 877 3903 einem
888 3855 1027 3918 gdttliclren
1045 3857 1070 3904 in
1084 3857 1124 3906 iln·
1135 3858 1241 3907 walten-
1296 3861 1297 3866 ’

737 3920 914 3972 denWesen.“
930 3921 969 3971 Zu
978 3927 1104 3973 coniecere
1115 3925 1168 3988 vgl.
1180 3924 1242 3990 §.29
