2622 4326
451 257 553 309 tuan
581 257 649 310 cur.
663 257 705 310 aa.
719 259 760 308 es.
1076 259 1136 324 139

75 409 211 483 dixisset,
231 427 288 488 qua
309 417 397 472 nocte
411 418 498 472 natus
513 411 673 474 Alexander
687 421 778 484 esset,
799 413 900 474 eadem
914 413 1022 477 Dianae
1036 413 1135 492 Ephe·

75 495 138 554 siae
155 494 299 572 templum
315 494 532 574 deflagravisse‚
554 497 685 559 adiunxit
698 496 818 558 minime
832 497 861 558 id
877 517 943 558 esse
957 497 1134 571 mirandum,

72 578 155 657 quod
169 578 271 653 Diana,
292 597 383 658 quum
397 581 428 640 in
440 589 525 659 partu
540 580 718 661 Olympiadis
734 582 837 642 adesse
851 583 1003 656 voluisset,
1023 583 1135 644 abluis-

72 671 119 723 set
134 663 235 724 domo.
267 665 348 737 Quae
366 673 464 726 autem
479 666 582 728 deaad
595 685 643 726 res
659 684 763 726 omnes
779 670 900 752 ueniret,
919 666 1061 728 Venerem
1076 685 1133 728 uo-

72 747 128 808 stri
143 749 382 823 nominaverunt,
397 757 482 830 atque
497 769 532 811 ex
546 769 579 810 ea
595 751 693 830 potius
709 758 862 822 venustas,
879 769 966 829 quam
984 751 1080 811 Venus
1100 771 1135 812 ex

69 841 233 894 venustate.
245 833 413 896 lVidetisne
426 835 522 914 igitur,
539 842 571 896 ut
586 855 602 896 a
616 835 744 914 physicis
760 835 849 897 rebus
865 835 939 896 hene
955 844 1040 914 atqua
1054 835 1133 896 utili·
1151 840 1193 901 28

69 925 117 978 ter
132 917 259 989 iuuentis
274 925 364 980 tracta
378 921 452 980 ratio
468 921 506 980 sit
524 921 560 982 ad
577 919 799 981 commenticios
812 929 841 980 et
851 921 937 980 tiotos
949 917 1044 980 deos?
1060 939 1133 999 quae
1155 933 1187 983 70

67 1020 121 1064 res
146 1003 247 1078 genuit
265 1003 352 1064 salsas
373 1005 527 1084 opiniones
547 1024 723 1084 erroresque
741 1005 927 1067 turbulentos
947 1012 977 1065 et
991 1006 1134 1084 supersti-

68 1086 170 1148 tiones
197 1105 290 1165 paene
315 1089 413 1151 aniles.
443 1091 481 1150 Et
498 1091 611 1152 lormae
630 1091 708 1151 enim
728 1089 814 1151 nohis
834 1091 957 1152 deorum
977 1098 1006 1150 et
1025 1097 1133 1152 aetates

69 1180 101 1232 et
112 1172 236 1232 vestitus
252 1181 430 1254 ornatusque
445 1176 507 1236 noti
522 1185 605 1248 sunt,
621 1194 726 1254 genera
737 1183 898 1255 praeterea,
915 1175 1061 1253 coniugia,
1081 1193 1134 1236 co·

7 1275 10 1284 ·
67 1257 237 1334 guatinum,
254 1260 409 1339 omniaque
424 1263 554 1322 traducta
570 1262 606 1321 ad
621 1261 840 1322 similitudinem
856 1259 1058 1322 imbecillitatis
1076 1261 1133 1320 hu-

66 1359 191 1402 manae:
210 1359 279 1402 nam
299 1351 328 1402 et
346 1345 522 1421 perturbatis
538 1345 642 1406 animis
658 1345 849 1407 inducuntur:
871 1345 1037 1424 accepimus
1054 1345 1135 1405 enim

66 1425 197 1486 deorum
214 1426 396 1503 cupiditates,
412 1427 619 1505 aegritudines,
634 1430 812 1490 iracundias:
833 1448 887 1490 nec
901 1444 984 1502 vero',
1000 1437 1033 1490 ut
1047 1429 1132 1490 labu-

66 1509 113 1570 lae
143 1510 253 1582 ferunt,
283 1510 364 1578 hellis
391 1512 564 1591 praeliisque
582 1521 751 1587 caruerunt3
778 1533 837 1596 uec
855 1515 965 1585 solum,
998 1521 1031 1573 ut
1055 1513 1133 1591 apud

66 1593 251 1667 Homerum,
272 1613 362 1672 qutun
387 1595 461 1656 duos
477 1597 618 1656 exercitus
635 1599 799 1658 contrarios
815 1596 862 1657 alii
877 1597 916 1657 dii
931 1617 966 1656 ex
981 1597 1034 1657 alia
1049 1605 1133 1674 parte

68 1678 276 1750 defenderent,
298 1681 348 1740 sed
365 1681 465 1753 otiam,
477 1688 510 1741 ut
526 1699 592 1740 oum
608 1681 734 1753 Titanis,
750 1689 782 1742 ut
797 1699 865 1741 curn
880 1681 1065 1758 Gigantibus,
1080 1699 1133 1741 sua

66 1763 193 1842 propria
211 1763 284 1824 bella
303 1773 465 1844 gesserunt.
495 1765 573 1826 Haec
592 1773 620 1824 et
640 1766 775 1826 dicuntur
795 1774 824 1825 et
844 1766 1002 1825 creduntur
1018 1764 1131 1824 stultis·

68 1848 158 1922 sime,
180 1857 209 1908 et
227 1849 312 1926 plena
333 1858 402 1912 sunt
421 1849 560 1912 futilitatis
581 1869 771 1929 summaeque
790 1849 920 1936 leuitatis.
952 1848 1009 1909 Sed
1026 1849 1131 1922 tame'n,
1152 1859 1182 1910 tr
1220 1863 1222 1871 ’

66 1933 116 1992 his
142 1933 246 1994 lahuhs
273 1935 379 2014 spretis
405 1955 438 1996 ac
463 1935 635 2014 repudiatis,
662 1936 732 1996 deus
755 1935 905 2014 pertinens
924 1952 978 2012 per
995 1942 1130 1994 naturam

68 2016 213 2096 cuiusque
226 2019 282 2092 rei,
298 2039 350 2098 per
364 2027 456 2080 terras
473 2019 573 2093 CereS,
589 2039 642 2099 per
656 2021 747 2082 maria
761 2020 925 2098 Neptunus,
941 2019 987 2080 alil
1001 2037 1054 2098 per
1069 2019 1147 2092 alia,r

67 2109 211 2180 poterunt
230 2102 350 2183 intelligi
369 2105 419 2184 qui
439 2104 596 2184 qualesque
618 2105 691 2178 sint,
717 2123 835 2184 quoque
855 2124 906 2164 eos
921 2103 1041 2166 nomine
1057 2121 1129 2164 con·

68 2186 195 2246 suetudo
215 2188 440 2268 nuncupaverit,
452 2191 518 2250 hos
540 2191 610 2250 deos
631 2198 659 2250 et
678 2190 809 2252 venerari
825 2197 853 2249 et
868 2189 962 2250 colere
978 2189 1128 2250 dehemus.

68 2269 172 2332 Cultus
198 2284 293 2332 autem
320 2275 442 2336 deorum
467 2281 514 2336 est
534 2275 664 2354 optimus
684 2275 820 2354 idemque
840 2275 1024 2334 castissimus
1044 2280 1131 2353 atque

69 2354 277 2416 sanctissimus
293 2358 541 2438 plenissimusque
556 2358 685 2439 pietatis,
701 2368 734 2420 ut
750 2379 802 2419 eos
818 2377 935 2438 semper
949 2377 1037 2436 pura,
1053 2358 1130 2418 inte·

68 2458 136 2517 gra,
157 2439 326 2519 incorrupta
346 2451 375 2504 et
393 2451 491 2504 mente
511 2452 539 2504 et
558 2463 631 2504 voce
647 2461 827 2504 veneremur.
858 2444 925 2503 Non
940 2443 1017 2500 enim
1032 2441 1130 2520 phile-

68 2525 159 2603 sophi
175 2525 287 2598 solum‚
303 2545 405 2587 verum
422 2528 507 2587 etiarn
522 2529 650 2589 maiores
665 2527 760 2588 nostri
776 2526 1015 2604 superstitionem
1031 2544 1047 2584 a
1061 2522 1130 2583 reli-

67 2610 157 2688 gione
176 2619 395 2686 separaverunt.
424 2611 497 2671 Nam
516 2613 567 2690 qui
585 2620 665 2678 totos
688 2612 749 2671 dies
770 2611 963 2689 precabantur
978 2616 1006 2667 et
1020 2607 1129 2667 immo·
1152 2619 1183 2668 72

68 2693 179 2766 labant,
206 2701 239 2753 ut
264 2693 319 2754 sihi
346 2695 391 2754 sui
411 2694 491 2754 liberi
513 2697 685 2776 superstites
707 2701 818 2766 essent,
846 2690 1042 2772 superstitiosi
1063 2697 1131 2750 sunt

68 2879 182 2941 Siciliam,
193 2877 458 2929 Geschichtschreiher
472 2878 572 2929 zuAnl.
662 2881 719 2930 neti
734 2882 806 2937 suaet,
826 2878 872 2927 mit
888 2875 983 2926 lrcnie:
1002 2877 1049 2927 wir
1069 2876 1131 2927 thun

68 2948 114 2997 des
132 2945 157 2994 3.
169 2947 253 2996 Jahrh.
269 2962 294 2996 v.
309 2947 366 2996 Chr.
378 2975 412 2983 —
428 2947 481 2997 Der
497 2947 573 2997 Tem·
628 2948 666 2997 als
679 2947 788 2996 kennten
800 2945 847 2995 wir
859 2945 904 2996 sie.

67 3015 110 3080 pel
136 3029 168 3062 zu
191 3014 303 3079 Ephesus
331 3016 418 3064 warde
445 3030 494 3065 von
518 3016 574 3064 dem
661 3013 731 3082 opud
740 3013 886 3064 Humanam.
909 3012 938 3062 ll.
950 3011 1011 3077 XX,
1025 3012 1088 3064 ttff.

67 3081 193 3147 Ephesier
214 3082 385 3132 llerostrat
406 3083 572 3146 angeziindet,
662 3098 720 3133 oum
735 3080 834 3132 Titanis
850 3081 892 3132 liir
907 3080 1047 3133 Titanibus.
1071 3081 1131 3131 llio-

68 3151 115 3200 der
133 3149 185 3198 sich
202 3149 247 3198 aul
258 3151 326 3200 diosc
340 3149 428 3200 Weise
441 3151 512 3201 einen
526 3167 573 3200 un·
628 3150 858 3216 serMetaplasmus
869 3149 947 3200 findet
956 3150 1008 3200 sich
1019 3155 1131 3200 nement-

67 3217 362 3280 vergtngliouenltamen
373 3218 469 3268 sichero
477 3219 572 3280 wellte,
627 3219 676 3268 llch
689 3219 714 3268 in
726 3219 773 3267 deu
784 3218 919 3280 husziigeu
931 3232 976 3267 aus
987 3217 1081 3266 Ennius
1091 3215 1131 3264 hei

67 3299 123 3335 was
148 3284 198 3334 ihm
218 3286 282 3335 deun
303 3287 365 3336 auch
386 3286 510 3350 geluugeu
530 3287 572 3336 ist.
627 3287 743 3336 Lactant.
757 3285 828 3348 lihl,
842 3286 954 3348 obgleich
967 3285 1000 3333 im
1012 3281 1130 3332 Nomina-

67 3353 127 3416 Vgt.
142 3350 220 3402 Soliu.
234 3369 255 3402 c.
269 3353 310 3403 40.
627 3354 665 3404 tiv
677 3370 725 3403 nur
740 3351 815 3406 Titan
828 3354 974 3402 vorlrommt.
1095 3411 1100 3422 .

104 3419 242 3470 Venerem.
271 3420 335 3470 llass
351 3421 397 3470 der
412 3421 490 3472 Name
505 3423 574 3473 nicht
664 3423 704 3471 71.
718 3420 770 3471 Sed
781 3425 866 3470 tornea
877 3445 920 3464 -.
944 3413 1064 3490 Ohglejch
1077 3412 1130 3460 1¹1⁰·

68 3504 119 3539 von
136 3490 224 3538 venire
235 3495 351 3550 stamme,
369 3489 404 3538 ist
421 3489 513 3539 ebcuso
529 3505 573 3552 ge·
628 3504 656 3538 se
676 3487 771 3539 Fatela
794 3480 986 3547 ahgeschmaclst
1009 3479 1084 3556 stud,
1102 3493 1130 3526 so

69 3555 196 3672 wirhall?
209 3571 237 3673 ates
249 3557 376 3618 ungendas
389 3556 434 3618 ist,
447 3558 534 3606 woher
545 3573 574 3606 er
628 3557 683 3673 {land
697 3554 769 3631 doch,
778 3544 1132 3666 hqeqqrclqnqqesixqoqkesrqrtrsstl,

304 3661 310 3672 .
661 3638 715 3671 rum
739 3635 778 3668 mc

68 3637 382 3759 qugqcfllqflaqnqqffls
397 3694 474 3744 retus
485 3721 516 3728 —
535 3695 575 3742 in·
629 3689 709 3739 selbst
725 3702 757 3735 zu
773 3682 928 3745 verwerlem
950 3629 1063 3732 sanderi
1075 3697 1132 3732 man

69 3761 165 3808 venue:
184 3773 253 3822 „von
273 3765 349 3822 guteu
371 3760 432 3809 oder
452 3761 573 3824 richtigen
628 3769 696 3804 muse
718 3754 755 3802 sie
776 3751 827 3801 sich
849 3767 896 3800 nur
915 3750 961 3801 aul
979 3751 1019 3800 dic
1045 3752 1130 3801 rochte
1157 3769 1165 3776 ·

70 3827 120 3877 und
159 3825 300 3876 niitzlicheu
339 3825 575 3890 Wahrnehmungen
629 3824 678 3872 Art
689 3819 837 3870 verstellen.

68 3892 218 3961 physiseher
230 3893 435 3958 Gegenstdnde,“
675 3887 716 3937 72.
734 3890 914 3955 repercutiant.
939 3888 1004 3938 llass
1020 3886 1060 3936 die
1077 3887 1132 3935 hier
