2622 4326
456 265 516 318 ΗΒ.
528 266 547 318 l.
575 267 648 318 CAP.
661 266 703 317 36.
716 265 757 317 37.
1095 275 1136 338 85

75 423 183 521 spoliat
197 433 282 486 motu
295 431 324 483 ct
338 423 452 485 actione
466 422 575 495 divina,
595 423 646 484 sed
661 422 748 484 etiam
762 422 898 488 homines
915 427 1023 488 inertes
1038 428 1134 500 efficit,

74 529 100 570 ιι
92 509 232 589 quidem
248 527 339 588 agens
354 507 460 588 aliquid
474 526 512 568 ne
527 507 599 570 deus
616 507 731 587 quidem
748 528 814 570 esse
829 510 931 572 beatus
947 520 1054 592 potest.

93 621 98 645 :
160 594 267 655 lerum
283 595 322 655 sit
341 612 423 665 sane,
444 601 476 653 ut
490 593 587 666 vultis,
607 593 680 654 deus
700 593 809 690 effigies
825 596 954 656 hominis
974 605 1003 658 et
1020 597 1132 676 imago.
1157 601 1208 660 lte
1297 647 1302 670 ,

73 679 190 777 quod
165 699 229 740 erus
244 688 288 742 est
307 641 508 740 domicilium?
529 697 602 757 quae
616 675 724 738 sedes?
744 697 795 757 qm
787 677 916 740 locus?
937 699 1010 759 quae
1030 682 1133 743 deinde

71 764 149 825 actio
168 761 263 825 vitae?
289 762 394 843 quihus
413 763 515 836 rebus,
537 763 565 823 id
587 765 664 843 quod
685 762 785 836 vultis,
807 763 907 825 beatus
929 762 995 825 est?
1020 765 1134 843 Utatur

70 850 152 910 enirn
169 849 230 910 suis
245 849 331 910 honis
345 856 461 945 oportet
475 856 503 909 et
518 850 645 921 fruatur,
661 866 710 928 qur
703 847 827 938 heatus
842 849 959 910 iuturus
975 857 1027 910 est
1058 849 1133 911 Nam

67 933 158 995 locus
174 933 323 1012 quidem
305 953 340 994 ns
355 933 443 994 etiam
457 932 584 1006 naturis,
603 953 677 1013 quae
693 933 756 994 sino
772 927 878 996 animis
895 941 976 1008 sunt,
997 953 1069 995 suus
1089 943 1134 996 est

68 1019 179 1114 cuique
197 1019 351 1098 proprius,
372 1027 404 1080 ut
427 1027 503 1080 terra
523 981 658 1080 infimum
677 1026 787 1093 teneat,
811 1019 888 1080 hanc
906 982 1028 1080 inuddet
1047 1038 1133 1098 aqua3

68 1121 210 1182 superior
219 1123 295 1178 aeri
316 1103 432 1184 ignibus
453 1104 593 1164 altissima
609 1123 662 1164 ora
676 1065 824 1165 reddatur.
854 1104 1019 1164 Bestiarum
1035 1111 1132 1164 autem

68 1196 204 1249 terrenae
215 1197 284 1249 sunt
294 1189 378 1262 aliae,
388 1189 495 1268 partim
506 1189 654 1268 aquatiles
667 1188 737 1249 aliae
749 1189 832 1269 quasi
844 1188 993 1286 ancipiteS,
1008 1187 1039 1249 in
1051 1196 1131 1249 utra-

67 1291 126 1352 que
141 1273 211 1334 sede
226 1273 368 1345 viventes3
384 1282 453 1334 sunt
467 1274 609 1351 quaedam
623 1273 718 1347 etiam,
733 1293 806 1354 quae
821 1273 880 1352 igni
896 1273 976 1336 nasci
990 1281 1131 1360 putentur

67 1366 290 1455 appareantque
303 1359 335 1416 in
350 1320 517 1418 ardentibus
533 1357 700 1418 fornacibus
721 1378 807 1438 saepe
821 1359 982 1420 volitantes.
1013 1349 1128 1432 Quaero
1153 1363 1202 1416 104

65 1442 173 1521 igitur,
192 1448 288 1500 vester
302 1441 374 1500 deus
390 1439 518 1518 primum
533 1441 583 1501 uhi
597 1441 720 1515 habitet3
735 1443 839 1503 deinde
854 1462 927 1522 quae
944 1461 1047 1504 caussa
1062 1461 1131 1503 eum

65 1527 135 1587 loco
153 1532 281 1598 moreat,
293 1543 318 1602 ιι
309 1523 420 1598 modo
435 1531 568 1585 movetur
579 1525 746 1605 aliquando3
760 1545 862 1606 porro,
879 1547 969 1606 quum
986 1527 1044 1587 hoc
1059 1546 1131 1605 pro-

65 1612 169 1690 prium
185 1609 224 1670 sit
239 1595 445 1682 animantium,
465 1616 498 1668 ut
512 1609 617 1688 aliquid
639 1618 776 1686 appetant
795 1612 874 1689 quod
891 1613 929 1672 sit
947 1620 1067 1671 naturae
1082 1629 1131 1670 ac-

67 1693 308 1786 commodatum,
331 1693 402 1754 deus
423 1692 492 1772 quid
512 1701 641 1773 appetat3
661 1694 697 1754 ad
717 1713 804 1773 quam
824 1695 949 1772 denique
969 1712 1031 1754 rem
1047 1700 1131 1754 motu

65 1759 178 1841 mentis
198 1797 233 1838 ac
250 1779 364 1839 ratione
384 1787 493 1852 utatur3
495 1773 666 1858 postremo
689 1797 746 1858 quo
767 1779 856 1838 modo
876 1778 979 1839 beatus
1002 1777 1052 1852 sit,
1072 1796 1130 1857 quo

65 1865 161 1926 ιιιοιιο
178 1873 322 1924 aeternus.
353 1824 500 1944 Quidquid
520 1864 598 1924 enim
619 1863 727 1924 horum
743 1863 886 1942 attigeris,
906 1864 990 1924 ulcus
1005 1872 1059 1924 est.
1091 1861 1131 1922 lta

66 1950 147 2010 male
165 1948 297 2009 instituta
311 1949 385 2009 ratio
404 1953 513 2009 exitum
529 1948 657 2027 reperire
676 1966 738 2008 non
753 1956 859 2028 potest.
892 1948 940 2009 Sic
959 1949 1036 2008 enim
1053 1947 1130 2008 dice·
1153 1952 1199 2004 105

66 2035 136 2106 bas,
156 2034 284 2112 speciem
299 2033 345 2093 dei
360 2033 471 2113 percipi
486 2034 673 2112 cogitatione,
692 2052 754 2094 non
775 2053 879 2107 sensu,
899 2053 954 2095 nec
968 2052 1033 2094 esse
1051 2033 1082 2093 in
1098 2051 1130 2094 ea

66 2119 158 2179 ullam
175 2117 363 2190 soliditatem,
373 2138 474 2197 meque
490 2118 611 2179 eandem
627 2119 832 2179 adnumerum
847 2136 1033 2197 permanere,
1050 2137 1131 2178 cam-

67 2223 126 2283 que
147 2222 213 2263 esse
227 2203 289 2264 eius
309 2203 465 2278 visionem,
488 2213 520 2264 ut
535 2203 722 2264 similitudine
742 2213 770 2264 et
789 2203 964 2264 transitione
983 2210 1128 2274 comatur,

107 2353 335 2405 locandorum
359 2354 384 2404 S.
399 2366 465 2405 nuc
477 2355 516 2418 17,
530 2355 571 2404 45.
626 2357 666 2405 die
683 2355 804 2419 glittliche
818 2353 919 2406 Gestalt
932 2357 956 2404 in
970 2353 1076 2404 Alasicht
1087 2350 1132 2401 aul

104 2437 171 2487 quac
190 2424 246 2486 igni
263 2425 486 2490 cmopetenter:
503 2424 573 2472 oiim-
626 2424 665 2473 die
683 2421 789 2472 Zahl—
805 2421 867 2472 aber
884 2422 980 2470 welche
997 2421 1077 2470 Zalrl?
1094 2445 1130 2453 -

68 2489 118 2538 liclr
136 2490 213 2538 durclr
231 2489 286 2538 eine
304 2505 357 2551 sog.
373 2493 507 2553 generatio
520 2492 573 2540 ori-
627 2490 714 2538 nicht
707 2504 795 2536 immor
807 2487 926 2552 crescite,
939 2487 1047 2535 sondern
1060 2498 1129 2532 wan-

65 2559 183 2622 gr'nart'o,
202 2555 360 2618 dergleicheu
378 2556 417 2604 die
433 2557 502 2606 alten
520 2555 572 2606 Na·
625 2555 715 2606 dalbar
733 2555 778 2603 aei.
804 2553 841 2603 (lb
858 2553 963 2603 aberC.
981 2553 1035 2601 dies
1049 2549 1129 2599 wirk

68 2622 571 2674 turlorsclrerulsunzweilelhaltanualr-
625 2622 675 2672 lich
697 2621 802 2684 gewollt
818 2622 880 2683 und,
902 2635 974 2668 werin
992 2633 1021 2667 er
1036 2632 1064 2666 es
1083 2631 1128 2679 ge·

68 2693 133 2742 men'.
175 2689 231 2739 Von
264 2691 312 2740 den
341 2690 396 2739 lrier
424 2691 570 2740 erw'dlmteu
625 2637 713 2748 wolltg,
729 2687 760 2736 ob
772 2703 802 2736 er
814 2687 890 2736 drmit
902 2685 1011 2751 llprlrurs
1023 2683 1129 2733 Ansieht
1182 2686 1185 2692 '

68 2760 178 2810 Thiereu
197 2764 253 2822 sagt
265 2757 360 2808 Seneca
369 2757 420 2823 Qu.
435 2764 485 2808 nat
499 2757 530 2818 V,
543 2755 571 2806 6:
625 2725 748 2820 getroden
761 2752 832 2817 habe,
845 2754 880 2804 ist
891 2753 991 2802 schwer
1002 2767 1034 2801 zu
1044 2765 1128 2814 sagon.

67 2828 320 2948 dictim
321 2828 475 2960 nulli
490 2840 573 2942 titt
625 2791 1128 2955 illst,lltltllltl‘lllnl

65 2931 375 3042 potestaonar'rru'ledori,
388 2965 573 3011 lamentorum
625 2929 675 3008 ιιιιιι
692 2959 746 3007 siud
763 2958 827 3006 olme
840 2955 944 3008 Zweilcl
956 2957 1024 3008 nicht
1035 2969 1128 3005 unver·
1172 2969 1175 2990 ι

68 3036 120 3094 ert,
145 3029 302 3081 animalia
290 3045 351 3096 agne
369 3032 500 3095 generari.
522 3028 572 3078 und
626 3027 727 3076 dorben.

67 3069 204 3150 Plidiusll.
214 3097 245 3148 N.
254 3097 299 3164 Xl,
298 3048 355 3146 836ι
369 3096 399 3147 Ιι
410 3097 490 3164 Cypra
497 3111 572 3147 aora-
660 3109 764 3160 equique
780 3110 837 3143 aare
849 3109 903 3144 eaor
915 3108 1049 3156 cacconem
1066 3093 1089 3142 d.
1102 3093 1126 3141 ιι

68 3169 115 3218 riis
127 3136 328 3232 Γιιιιιὶιιιιιι
343 3165 425 3216 medio
444 3167 502 3231 igni
515 3180 571 3214 rao-
625 3166 663 3213 ito
679 3177 735 3212 ιιιι
751 3163 854 3212 anobis
868 3161 955 3212 cdderr'.
980 3161 1031 3210 Das
1045 3159 1127 3208 Seleu

66 3237 131 3286 iorn's
162 3249 266 3284 muscae
299 3233 475 3299 magnitudine
502 3233 572 3283 uolat
625 3230 788 3294 istiibrigens
801 3231 900 3279 riurein
915 3229 1045 3296 geistiges,
1059 3225 1128 3271 nicht

66 3307 207 3372 pennatum
240 3301 397 3368 quadrupes:
429 3300 571 3368 appellator
625 3299 702 3348 durch
719 3299 767 3348 den
784 3295 843 3348 Simi
861 3298 905 3346 des
922 3297 1006 3355 Auges
1022 3289 1126 3339 vermit-

65 3371 185 3440 pyralis,
214 3385 230 3419 ι
258 3369 408 3450 quidusdam
434 3373 569 3436 pyrausta.
624 3367 709 3416 teltcs.
734 3366 780 3416 Die
793 3361 1023 3417 samumdokonn,
1036 3354 1084 3403 wie
1097 3367 1126 3402 es

69 3437 197 3502 Quunrdr'u
213 3439 279 3488 ert
268 3453 296 3488 ιιι
311 3439 382 3502 igni,
398 3439 473 3488 uiuit.-
492 3453 570 3502 quum
625 3435 734 3499 scheint,
759 3448 806 3482 nur
827 3431 866 3480 die
887 3393 1061 3475 Αιιιιιιιιιιιιιιι
1080 3421 1126 3469 der

64 3504 482 3572 efflmrtonfflorepaeuovolato,
500 3521 569 3555 anao-
624 3472 757 3562 hestaudig
781 3500 827 3547 der
848 3493 921 3544 Scele
943 3487 1125 3540 zulliessonden

67 3579 145 3626 ιιῖιιιι
169 3573 248 3624 Sodst
264 3542 570 3642 heiosenpyraur’taodie
624 3561 711 3618 llrlder
724 3573 800 3616 auter
817 3561 936 3611 einander
951 3557 1000 3606 und
1017 3556 1063 3605 unt
1077 3557 1126 3606 dau
1192 3589 1197 3594 -

67 3643 245 3694 Liohtmotten.
625 3635 761 3700 gortlichen
784 3629 915 3680 Urbildern
937 3626 998 3676 sein.
1041 3625 1126 3674 Durclr

104 3711 161 3760 105.
180 3707 223 3760 Sic
239 3711 308 3762 enim
324 3709 431 3758 dicebar.
461 3707 570 3758 Ohenc.
625 3704 694 3752 diese
714 3695 890 3748 Aebnlichkeit
912 3695 962 3744 und
984 3693 1060 3743 durch
1082 3694 1126 3742 das

70 3779 109 3843 19,
124 3779 167 3828 49.
469 3794 472 3814 ι
624 3767 783 3829 unahliisoige
795 3764 945 3815 Zustrdmeu
963 3762 1048 3812 dieser
1063 3762 1126 3810 iiliu-

101 3863 183 3913 nequo
194 3844 301 3896 condam
312 3844 348 3894 acl
362 3824 498 3894 numerum
511 3857 571 3910 per-
623 3837 704 3886 lichen
718 3835 803 3912 Bilder
818 3835 842 3884 in
862 3834 901 3883 dic
914 3831 987 3882 Seele
1000 3829 1127 3892 geschieht

67 3931 172 3968 moriere
189 3914 288 3983 scdeint
303 3929 335 3963 zu
352 3913 489 3976 bodemen,
511 3911 570 3960 dass
625 3919 666 3968 es,
684 3903 742 3952 dass
757 3915 806 3952 ιιι
823 3903 879 3952 eiua
896 3897 1061 3958 Vorstellung
1076 3909 1126 3946 ron
