2622 4326
154 295 195 358 gg
471 344 477 351 ,
503 288 546 338 ml
565 285 703 340 NATURA
720 287 859 342 DEORUM

156 463 250 524 neque
262 443 379 504 deficiat
392 459 536 522 umquam
551 462 587 503 ex
602 443 723 505 infinitis
739 441 912 523 corporibus
928 441 1066 504 similium
1077 442 1233 517 accessio„

157 549 193 592 ex
207 547 300 610 eoque
315 526 393 600 fieri,
413 527 490 588 utin
506 527 579 588 haec
598 527 708 589 intenta
724 547 808 589 mens
823 536 926 604 nostre
940 527 1055 588 beatam
1068 527 1150 588 illam
1165 547 1218 590 ua-

98 614 140 679 ⁸8
156 621 251 676 turam
267 619 297 672 et
317 612 526 691 sempiternam
548 619 640 691 putet.
675 612 753 685 Hoc,
773 631 826 692 per
845 613 930 691 ipsos
950 613 1035 684 deos,
1056 613 1093 673 de
1113 611 1218 691 quibus

155 697 314 778 loquimur,
329 697 412 777 quale
426 698 545 758 tandem
561 694 628 757 est?
658 697 732 758 Nam
748 697 774 758 si
790 698 996 758 tantummodo
1012 697 1046 758 ad
1063 696 1219 776 cogitatio-

154 803 226 846 nem
239 783 335 845 valent
350 801 406 843 nee
424 783 514 843 ullam
536 780 647 842 habent
666 781 841 843 soliditatem
856 800 911 843 neo
929 781 1130 855 eminentiam,
1152 782 1221 861 quid

156 869 293 942 interest,
309 877 410 930 utrum
424 868 460 928 de
475 866 708 945 hippocentauro
724 885 762 928 an
774 867 810 927 de
826 867 880 927 deo
897 865 1080 945 cogitemus?
1102 884 1221 926 omnem

156 954 236 1016 enim
264 955 351 1016 talem
381 951 645 1016 conformationem
675 951 765 1034 animi
794 951 880 1012 ceteri
905 951 1077 1031 philosophi
1106 958 1221 1012 motum

157 1039 273 1102 inanem
294 1045 414 1104 vocent:
437 1055 490 1097 vos
515 1044 611 1097 autem
637 1035 792 1097 adventum
819 1035 849 1096 in
876 1036 991 1096 animos
1017 1044 1046 1096 et
1067 1035 1221 1096 introitum

87 1133 138 1187 106
149 1113 318 1204 ¹imaginum
338 1122 442 1182 dicitis.
471 1121 510 1182 Ut
536 1120 637 1199 igitur,
666 1121 710 1182 Ti.
732 1121 896 1182 Gracchum
916 1139 1006 1199 quum
1027 1119 1130 1181 videor
1150 1139 1220 1182 oon-

158 1211 322 1271 cionantem
352 1206 383 1264 in
410 1205 553 1284 Capitolio
580 1206 678 1265 videre
704 1206 740 1266 de
765 1208 802 1267 M.
829 1205 949 1266 Octavio
976 1206 1157 1267 deferentem
1182 1206 1220 1266 si-

156 1293 267 1364 tellam,
293 1298 357 1350 tum
382 1308 450 1351 eum
476 1297 592 1364 motum
619 1289 709 1350 animi
734 1290 800 1350 dico
820 1309 887 1350 esse
906 1289 1036 1365 inanem3
1063 1297 1220 1361 tuentem,

157 1386 186 1438 et
216 1374 339 1436 Gracchi
369 1382 398 1434 et
427 1373 540 1435 Octavii
568 1373 712 1452 imagines
741 1393 906 1449 remanere,
940 1394 1014 1453 quae
1042 1375 1072 1434 in
1104 1374 1220 1454 Capito-

158 1463 229 1523 lium
255 1478 344 1540 quum
375 1459 579 1538 pervenerint,
608 1467 672 1521 tum
702 1459 736 1519 ad
763 1459 893 1520 animum
918 1477 1018 1519 meum
1045 1460 1221 1520 referantur:

157 1546 216 1607 hoc
234 1545 311 1606 idem
332 1544 394 1603 fieri
413 1545 444 1605 in
463 1545 532 1618 deo,
558 1544 641 1605 cuius
667 1543 767 1604 crebre
792 1543 864 1604 lacie
890 1544 1033 1623 pellantur
1059 1544 1165 1618 animi3
1191 1563 1222 1604 ex

89 1642 137 1694 107
160 1651 218 1710 quo
238 1649 302 1690 esse
322 1628 397 1690 beati
421 1635 507 1708 atque
533 1630 641 1691 aeterni
665 1629 869 1708 intelligantur.
903 1629 962 1690 Fac
985 1627 1128 1706 imagines
1149 1647 1221 1700 esse,

159 1717 264 1796 quibus
288 1713 442 1791 pulsentur
462 1714 566 1775 animi:
593 1713 706 1794 species
733 1716 883 1776 dumtaxat
908 1712 1043 1773 obiicitur
1065 1713 1222 1791 quaedam3

158 1819 231 1862 naun
250 1797 337 1859 etiam
357 1818 409 1860 cur
428 1819 460 1860 ea
479 1801 563 1860 beata
588 1801 640 1872 sit,
668 1817 720 1860 cnr
744 1795 881 1859 aeterna?
922 1798 1004 1871 Quae
1026 1806 1126 1858 entem
1153 1798 1222 1858 istae

159 1883 300 1962 imagines
331 1893 443 1945 vestrae
469 1892 518 1946 ant
544 1882 645 1944 unde?
685 1883 709 1943 Α
737 1883 904 1943 Democrito
938 1881 1060 1942 omnino
1088 1882 1162 1943 haec
1189 1882 1222 1942 li-

160 1968 261 2032 centia.
303 1969 361 2028 Sed
386 1977 415 2029 et
439 1969 485 2028 ille
510 1968 708 2048 reprehensus
729 1987 745 2028 a
764 1967 862 2028 multis
884 1974 942 2038 est,
965 1985 1021 2026 nec
1039 1985 1094 2027 vos
1115 1968 1223 2028 exitum

160 2053 309 2133 reperitis,
329 2059 447 2132 totaque
467 2072 515 2112 res
531 2052 640 2114 vacillat
659 2061 687 2113 et
708 2052 856 2113 claudicat.
886 2051 959 2112 Nam
979 2050 1124 2130 quidest,
1145 2051 1223 2132 quod

160 2138 259 2200 minus
279 2136 398 2217 probari
418 2135 529 2216 possit,
557 2157 645 2216 quam
666 2137 799 2204 omnium
817 2137 848 2196 in
867 2155 915 2196 me
930 2136 1058 2197 incidere
1073 2137 1223 2214 imagines

161 2308 207 2357 der
216 2304 592 2370 giittlichenGestalterhnlten.
605 2305 666 2370 Epi-

161 2375 211 2424 kur
223 2381 323 2436 nannte,
336 2374 384 2422 wie
396 2388 424 2427 es
434 2372 539 2432 scheint,
554 2373 593 2422 dic
604 2371 666 2422 Got-

161 2434 668 2509 ιονγνωστοὺςκατὰὁμοειδίανέκτῆς

163 2521 228 2562 euve
249 2510 297 2564 οῦς
312 2501 484 2576 ἐπιρρύσεως
493 2503 574 2558 τῶνὸ
600 2512 668 2558 olore

163 2573 566 2636 aldelmv:erhannt(oderer
593 2590 670 2625 enn-

162 2643 230 2706 har)
256 2644 310 2692 der
330 2643 557 2694 thnliohkeit
581 2645 668 2706 nach,

161 2711 191 2761 in
205 2710 299 2773 Folge
317 2711 591 2775 deshestindigen
605 2711 668 2762 Zu-

163 2779 318 2830 striimens
337 2781 391 2829 der
413 2781 581 2830 iihnliehen
602 2780 668 2828 Bil-

162 2847 226 2896 der.

197 2903 250 2964 38.
263 2913 438 2963 tantummodo
448 2915 483 2971 ad
487 2917 669 2980 cogitationen

163 2981 254 3040 valent,
268 2979 328 3028 weil
341 2980 377 3028 sie
388 2979 479 3028 keinen
489 2981 617 3032 Eindrnck
626 2982 673 3032 nul

164 3049 203 3098 die
228 3047 316 3109 Since,
345 3047 454 3094 sondern
485 3063 534 3096 nur
561 3049 607 3098 aul
627 3050 668 3099 die

140 3115 238 3166 ‘Seele
264 3131 295 3167 zu
316 3115 417 3163 machon
440 3117 588 3180 verwegen,
612 3117 667 3167 also

164 3183 282 3247 lediglich
298 3181 340 3231 liir
357 3181 396 3230 die
409 3179 576 3244 Vorstellung
592 3184 669 3234 wirh-

164 3251 213 3301 lich
229 3251 292 3301 sind.
334 3293 343 3302 .

201 3319 277 3370 talete
292 3319 521 3384 conformationem
538 3319 631 3380 animi,
645 3319 669 3368 d.

166 3388 190 3436 h.
202 3389 258 3438 eine
268 3388 361 3447 solche,
371 3387 434 3436 ohne
446 3383 567 3434 sinuliehe
578 3384 671 3435 thr·

165 3456 303 3520 nehmung,
320 3455 397 3505 allein
416 3455 440 3504 in
458 3453 504 3503 der
520 3452 595 3503 Seele
613 3461 671 3503 ent-

166 3523 288 3571 standene
298 3522 470 3586 Vorstellnng.
489 3523 584 3585 Animi,
594 3521 671 3584 genit.

166 3587 280 3651 subiect,
294 3591 361 3639 nicht
374 3590 463 3639 obiect.

203 3652 259 3702 lilii.
286 3655 323 3706 Ti.
344 3654 484 3706 Graeclam
502 3661 548 3707 ete.
581 3657 670 3708 Bezie-

165 3721 232 3784 hung
247 3721 294 3770 aul
311 3723 351 3771 die
368 3723 494 3774 bekenele
512 3724 669 3791 Geschichto,

165 3789 214 3837 wie
237 3787 276 3838 Ti.
295 3787 422 3838 Gracchus
443 3791 482 3840 als
504 3792 670 3844 Vollrstribun

167 3854 206 3906 die
224 3855 371 3919 hbsetzung
393 3857 476 3908 seines
499 3860 548 3911 ihm
566 3860 670 3912 Wider-

168 3925 242 3976 stand
257 3923 396 3975 leistenden
409 3924 529 3990 Collegen
545 3928 579 3980 111.
593 3929 669 3979 Oete-

86 4119 95 4130 a

722 2305 779 2356 vius
792 2305 954 2367 heantragte,
966 2304 1015 2352 und
1028 2305 1073 2354 das
1085 2303 1155 2356 Vollc
1167 2305 1224 2354 dar·

722 2373 785 2422 iiber
797 2373 943 2421 alistinrmen
956 2371 1026 2420 liess.

724 2439 1225 2569 stmtlttttttttdttlllt

722 2575 808 2625 Bilder
823 2575 945 2638 godberer
958 2573 1155 2624 Besehalleuheit
1172 2589 1225 2637 nus,

722 2643 818 2692 welche
844 2642 888 2691 dns
909 2641 979 2704 Ange
1001 2641 1141 2704 aulerimmt,
1167 2657 1225 2690 son-

723 2711 784 2760 dern
797 2711 859 2760 auch
874 2709 977 2770 leinere,
987 2710 1083 2759 welche
1095 2709 1226 2759 nnrnittel·

723 2777 769 2828 har
786 2779 809 2827 in
830 2779 869 2826 die
887 2777 961 2827 Seele
979 2777 1091 2840 dringen.
1124 2777 1226 2826 Lucret.

723 2845 765 2908 lV,
784 2845 833 2895 726
851 2845 875 2894 ff.
909 2845 999 2894 Solehe
1023 2846 1108 2895 Bilder
1131 2846 1227 2894 danern

724 2913 787 2976 lert,
813 2914 875 2962 euch
900 2927 970 2961 wenu
995 2913 1035 2962 die
1059 2913 1151 2976 Dinge,
1178 2929 1228 2961 von

723 2980 835 3030 welchen
854 2980 891 3029 sie
909 2980 1059 3043 herriihren,
1078 2980 1230 3030 nichtmehr

722 3048 866 3098 verbanden
888 3047 955 3103 sind;
978 3049 1065 3098 wolter
1081 3064 1109 3096 es
1126 3048 1229 3110 hommt,

724 3117 782 3166 dass
795 3116 841 3165 der
853 3115 928 3165 Seele
941 3115 994 3164 sich
1007 3117 1069 3164 ench
1079 3115 1166 3165 Bilder
1179 3111 1229 3164 uon
1276 3147 1279 3152 ι

723 3183 809 3246 liingst
818 3182 1007 3233 Verstorbenen
1017 3183 1155 3233 darstellen
1165 3183 1229 3232 klin-

724 3267 785 3317 nen‚
805 3267 828 3300 z.
841 3251 868 3300 B.
885 3251 909 3300 in
923 3251 1063 3314 Triiumen,
1079 3251 1185 3300 Lnerct.
1197 3249 1229 3313 V,

762 3383 818 3436 107.
843 3402 860 3435 a
874 3385 1020 3437 Democrito
1040 3387 1103 3436 haec
1119 3386 1230 3436 lieentia.

727 3455 803 3504 Diese
815 3453 982 3504 willliirliche
993 3455 1120 3504 hunnhme
1131 3455 1166 3504 ist
1175 3456 1231 3504 dem

727 3520 859 3572 Demokrit
880 3522 1001 3573 entlehnt.
1030 3522 1087 3585 Vgl.
1109 3522 1231 3585 iibrigens

728 3591 758 3639 de
781 3589 863 3639 Divin.
880 3587 908 3652 ll,
927 3589 967 3654 67,
988 3606 1028 3640 wo
1050 3588 1095 3640 aul
1113 3590 1230 3640 iihnliohe

728 3657 817 3708 Weise
830 3657 879 3707 wie
896 3658 951 3707 hier
967 3674 1047 3723 gegen
1062 3659 1132 3708 diese
1146 3659 1231 3710 Lehrc

728 3741 776 3774 von
790 3726 836 3775 den
850 3725 950 3775 Bildern
964 3727 1082 3792 disputirt
1093 3727 1166 3776 wind.

761 3796 873 3842 omnium
888 3796 914 3842 in
923 3809 964 3844 sne
975 3794 1089 3845 strodere
1099 3797 1231 3860 imagines

725 3863 772 3910 oto.
806 3857 870 3908 Was
886 3860 927 3909 ein
945 3861 1086 3924 Epilnneer
1102 3870 1170 3912 etwa
1187 3861 1234 3913 ani

725 3926 811 3977 diesen
827 3928 877 3977 und
893 3927 938 3978 aul
952 3928 992 3978 die
1003 3929 1231 3994 niehotlolgcnden
