2622 4326
396 242 456 293 LlB.
468 243 499 294 il.
526 243 595 294 CAP.
616 244 654 294 15.
670 245 710 294 16.
725 245 764 294 17.

1056 248 1115 310 125

49 394 166 456 moveri
187 401 284 456 autem
306 396 401 459 solem
418 405 447 456 et
461 397 558 458 lunam
574 407 603 458 et
618 398 713 458 sidera
728 397 840 458 omnia:
862 416 934 478 quae
949 405 1045 460 autem
1062 419 1116 461 na·
1209 451 1224 464 .

50 489 119 542 tura
132 487 329 553 moverentur,
346 481 418 542 haec
432 489 482 541 aut
495 483 625 560 pondere
640 483 779 542 deorsum
794 492 843 542 aut
857 484 970 545 levitate
989 484 1045 562 [in]
1065 497 1133 546 su-³
1158 485 1165 510 ¹

50 565 143 626 blime
157 563 237 637 ferri,
258 583 385 643 quorum
400 573 537 626 neutrum
552 567 638 627 astris
654 565 847 643 contingeret,
867 576 1021 647 propterea
1037 570 1115 648 quod

49 667 157 710 eorum
177 657 277 710 motus
297 650 328 709 in
349 650 450 710 orbem
471 651 714 712 circumferretur.
745 650 805 711 Nec
820 670 888 711 vero
905 651 961 712 dici
977 661 1075 731 potest
1089 655 1117 714 vi

49 735 179 812 quadam
200 734 310 794 maiore
325 735 399 808 fieri,
419 743 451 796 ut
466 742 569 796 contra
583 743 717 796 naturam
732 743 809 796 astra
824 744 1005 797 moveantur.
1037 738 1118 809 Quae
1151 810 1153 818 y
1190 809 1191 819 ¹

50 819 135 879 enim
153 826 253 897 potest
271 819 366 880 maior
385 817 472 880 esse?
512 821 613 882 Restat
632 821 727 898 igitur,
747 829 778 880 ut
797 827 896 881 motus
917 827 1065 882 astrorum
1080 822 1118 882 sit

49 903 243 964 voluntarius
275 905 355 976 Quae
374 904 546 983 quivident,
567 923 629 966 non
648 905 765 966 indocte
785 904 895 978 solum,
914 923 1015 965 vemm
1032 906 1117 966 etiam

48 989 145 1068 impie
155 988 247 1061 faciat,
264 988 289 1048 si
302 991 373 1050 deos
385 1009 450 1051 esse
461 998 555 1069 neget.
583 991 642 1051 Nec
654 1007 724 1050 sane
735 989 860 1050 multum
873 990 1001 1063 interest,
1018 998 1118 1050 utrum

51 1072 82 1132 id
109 1085 197 1151 neget
222 1091 258 1133 au
279 1075 432 1135 eos‘omni
451 1076 657 1153 procuratione
676 1082 762 1153 atque
782 1074 897 1135 actione
912 1075 1020 1152 privet:
1046 1075 1119 1135 mihi

50 1158 148 1230 enim,
164 1158 213 1237 qui
229 1159 300 1219 nihil
316 1159 387 1236 agit,
406 1179 472 1220 esse
487 1161 608 1221 omnino
624 1178 685 1220 non
701 1161 823 1220 ridetur.
854 1161 928 1220 Esse
943 1159 1031 1238 igitur
1046 1161 1118 1220 deos

51 1243 92 1302 ita
107 1243 299 1322 perspicuum
316 1253 373 1316 est,
395 1251 439 1318 ut,
460 1245 487 1304 id
504 1247 554 1324 qui
569 1253 666 1322 neget,
687 1245 733 1304 vix
748 1263 813 1305 eum
831 1245 1041 1306 sanaementis
1057 1245 1118 1305 exi-

51 1327 212 1387 stimemn
892 1385 898 1392 .

141 1411 242 1470 Restat
259 1418 307 1482 ut,
327 1413 419 1488 qualis
439 1431 542 1473 eorum
556 1421 658 1473 natura
674 1414 725 1485 sit,
748 1413 977 1474 consideremus.
1008 1414 1041 1474 ln
1057 1433 1115 1492 quo
1136 1411 1176 1473 17

51 1496 128 1556 nihil
142 1502 187 1554 est
202 1494 357 1566 dillicilius,
373 1513 462 1573 quam
477 1516 493 1556 a
508 1497 718 1558 consuetudine
735 1496 887 1556 oculorum
903 1498 993 1558 aciem
1010 1498 1117 1557 mentis
1138 1504 1171 1553 45

52 1581 210 1641 abducere.
252 1579 301 1638 Ea*
317 1579 469 1641 difficultas
485 1580 609 1640 induxit
633 1589 662 1641 et
683 1581 768 1656 vulgo
788 1581 940 1658 imperitos
962 1589 991 1640 et
1010 1580 1118 1641 similes

52 1663 253 1744 philosophos
272 1663 493 1741 imperitorum,
513 1672 558 1738 nt,
577 1665 635 1734 nisi
656 1665 755 1742 figuris
771 1665 926 1724 hominum
942 1665 1118 1737 constitutis,

53 1749 129 1810 nihil
153 1754 278 1826 possent
304 1748 339 1808 de
366 1747 420 1808 diis
447 1743 661 1810 immortalibus
685 1750 820 1826 cogitare.
862 1748 950 1808 Citius
972 1748 1120 1826 opinionis

54 1833 156 1894 levitas
184 1835 331 1892 confutata
352 1852 368 1892 a
384 1833 468 1894 Cotta
487 1851 549 1894 non
570 1833 716 1894 desiderat
734 1833 897 1893 orationem
913 1851 1018 1892 meam.
1060 1833 1119 1892 Sed

55 1937 148 1996 quum
168 1917 253 1978 talem
274 1935 339 1977 esse
354 1918 441 1978 deum
457 1925 536 1979 certa
550 1919 671 1979 notione
687 1917 775 1978 animi
791 1917 1037 1997 praesentiamm,
1058 1917 1121 1996 pri·

55 2021 142 2063 mum
156 2010 189 2062 ut
204 2001 242 2062 sit
256 2002 398 2076 animans,
414 2003 518 2064 deinde
533 2011 566 2064 ut
582 2005 613 2063 in
629 2003 710 2064 omni
725 2010 828 2064 natura
843 2002 915 2062 nihil
930 2021 964 2061 eo
981 2002 1019 2062 sit
1033 2019 1120 2080 prae-

56 2087 196 2148 stantius:
227 2087 263 2146 ad
290 2087 365 2148 hanc
389 2089 630 2166 praesensionem
656 2088 866 2166 notionemque
890 2083 1023 2147 nostram
1049 2086 1121 2148 nihil
1201 2081 1205 2100 ‘

55 2173 141 2232 video
163 2171 241 2250 quod
261 2171 360 2250 potius
377 2174 610 2247 accommodem,
632 2191 719 2252 quam
736 2180 768 2234 ut
783 2173 912 2252 primum
928 2172 1007 2233 hunc
1021 2172 1120 2252 ipsum

55 2256 217 2328 mundum,
239 2273 295 2334 quo
316 2257 388 2317 nihil
409 2259 592 2319 excellentius
609 2259 670 2318 fieri
686 2265 797 2336 potest,
817 2257 994 2318 animantem
1010 2277 1076 2318 esse
1091 2264 1120 2317 et

92 2393 146 2454 [in]
168 2391 282 2441 sublime.
318 2392 363 2442 Die
388 2389 562 2458 Praeposition

57 2459 133 2509 riihrt
145 2458 352 2508 wahrsehainlieh
365 2474 415 2509 von
427 2458 563 2510 Absehrei-

617 2394 670 2443 heit
681 2395 729 2443 und
743 2394 776 2442 ist
788 2410 837 2443 voa
847 2395 893 2443 der
901 2393 1054 2454 Richtigkeit
1063 2393 1121 2440 des·

618 2461 704 2510 selben
717 2461 879 2511 comittelbnr
890 2462 940 2509 und
951 2461 1014 2508 ohne
1023 2458 1120 2507 Beweis

57 2527 120 2577 bern
137 2527 194 2592 her,
213 2527 252 2575 dic
271 2527 318 2575 den
334 2526 496 2577 adverbialcn
514 2526 564 2576 Ge-

57 2595 152 2645 brauoh
169 2609 219 2644 von
236 2593 428 2642 sublime-nicht
444 2593 562 2643 kannten.

56 2662 117 2725 Vgl.
128 2661 249 2711 Priscian.
259 2658 339 2724 XVH,
352 2659 375 2724 1,
386 2660 415 2709 11
429 2677 454 2710 u.
463 2661 503 2709 die
513 2677 563 2710 von

56 2729 163 2780 lliihner
179 2743 212 2778 zu
228 2726 330 2777 Tuscul.
348 2725 371 2791 l,
385 2727 424 2791 17,
437 2727 470 2776 40
488 2742 565 2790 ange·

57 2797 169 2847 l'rihrten.
458 2815 462 2826 ¹

93 2922 146 2984 17.
165 2931 206 2980 45.
226 2936 297 2982 certa
310 2933 416 2982 notione
432 2947 473 2980 aar.
483 2947 562 3000 prae-

56 3003 210 3051 sentientes.
239 2999 330 3049 Dieser
345 2999 491 3063 thusdrum,
514 2999 563 3049 wie

57 3070 97 3119 die
110 3067 245 3130 folgenden
259 3071 469 3135 praecessionem
482 3070 564 3118 notio-

56 3151 167 3202 nemque
177 3139 295 3185 nostram
311 3137 371 3198 geht
381 3135 428 3185 aul
436 3136 476 3184 die
490 3129 563 3204 πρό-

58 3206 157 3272 ληψις,
173 3203 271 3252 welche
287 3203 327 3252 die
345 3203 449 3253 Stoilrer
464 3203 563 3252 iihnlich

57 3273 107 3322 wie
119 3272 160 3323 die
170 3270 314 3336 Epikureer
324 3272 471 3321 annahmen.
493 3271 519 3321 S.
531 3287 564 3320 za

57 3339 132 3404 1,17‚
150 3338 256 3420 1¹4„¹¹¹¹‘¹
275 3339 314 3403 16,
328 3339 369 3389 31.
395 3339 438 3388 Sic
456 3339 491 3388 ist
507 3339 563 3389 eine

58 3406 564 3554 ‹phpppxppeszpippcrp‚Uppeerrvpeipppgspppp

57 3543 237 3605 Nachdenlren,
249 3558 316 3594 ανευ
326 3539 509 3598 διδασκαλίας
518 3543 564 3592 καὶ

58 3611 236 3681 ἐπιμελείας,
270 3609 317 3660 aui
346 3611 484 3660 natiirliche
514 3612 564 3660 und

58 3679 191 3730 kunstlose
213 3677 313 3742 Weise,
336 3671 563 3745 ἀνεπιτεχνήτως,

58 3749 182 3800 entsteht.
206 3745 272 3796 Plut.
288 3745 351 3811 plac.
371 3747 432 3810 phil.
445 3745 463 3809 l,
478 3746 518 3797 11.
529 3773 565 3784 —-

57 3817 169 3866 Solchen
187 3815 342 3864 nattis-lichen
359 3813 505 3878 Vorbegrill
520 3814 563 3862 hat

58 3901 107 3934 nun
120 3885 169 3935 der
180 3882 284 3934 Mensch
296 3883 358 3933 auch
369 3897 419 3934 von
431 3882 478 3934 der
487 3881 562 3932 Gott-

617 2528 769 2588 iiberzeugt3
785 2529 860 2590 jeden
879 2527 996 2576 lerneren
1013 2525 1120 2573 wissen-
1209 2577 1213 2592 ι

618 2591 1122 2657 schaltlichenBegrilfderGotthcitaher

617 2662 682 2711 kann
700 2675 728 2709 er
741 2675 788 2709 nur
804 2661 915 2710 insolern
932 2659 1016 2722 gelren
1028 2658 1121 2720 lassen,

617 2729 656 2778 als
674 2743 703 2776 er
724 2728 765 2776 ilrn
784 2727 868 2790 jerem
887 2724 1046 2788 Vorbegriffe
1064 2731 1120 2774 ent·

617 2795 755 2860 spreehend
768 2795 856 2858 findet,
870 2793 911 2843 ihn
924 2793 1000 2843 damit
1011 2793 1122 2843 vereini-

617 2878 664 2926 gen
675 2863 749 2926 lanu,
759 2862 869 2912 wesGic.
877 2863 985 2912 nachher
994 2862 1071 2911 durch
1080 2876 1122 2912 aa·

618 2930 1120 2994 commodareaasdrticktwomitzuvgl.
1161 2991 1162 2994 Ἴ

618 3006 682 3049 orat.
693 3014 714 3050 e.
725 2998 748 3065 7,
758 2997 803 3047 23:
816 3014 897 3049 ααααι
907 2998 1120 3062 (Barnosthenem)

617 3067 810 3118 accommodare
826 3067 862 3118 ad
879 3083 947 3134 eam,
959 3084 1044 3134 ¹partein
1065 3085 1124 3118 sen·
1187 3129 1194 3142 .

618 3137 694 3198 ham,
707 3135 881 3202 eloquentiam.

650 3206 765 3272 primum
788 3205 854 3256 hono
877 3207 927 3274 ips.
951 3203 1040 3254 anund.
1072 3202 1122 3251 Das

618 3274 834 3391 Ξῖ11ἷ111κ11111111111η
845 3267 1122 3388 1111113121111111αε1118

618 3423 649 3458 ne
661 3408 760 3472 folgcn3
782 3409 843 3456 aber
859 3405 923 3454 iiber
940 3405 985 3452 der
1001 3401 1055 3449 hier
1069 3399 1122 3446 cin-

618 3476 792 3539 geschobenen
815 3469 1012 3538 Expectoration
1042 3480 1122 3529 gagen

618 3541 714 3608 lipihur
731 3544 773 3591 hnt
785 3540 836 3588 Cic.
854 3539 893 3587 die
906 3537 982 3586 Form
1000 3534 1046 3584 der
1057 3533 1122 3584 Aur-

619 3611 727 3672 ziihlung
739 3623 766 3657 so
780 3621 843 3670 ganz
852 3619 897 3655 aus
907 3604 955 3653 den
965 3602 1053 3667 Augen
1062 3617 1122 3653 ver·

618 3677 702 3740 lorea,
716 3676 774 3724 dass
786 3675 838 3724 sich
851 3673 971 3737 mehler,
984 3686 1024 3721 wo
1038 3687 1068 3721 er
1079 3670 1125 3721 aui

618 3745 658 3793 die
672 3741 790 3793 Gestirne
803 3741 907 3804 hornut,
926 3757 972 3806 gar
984 3741 1052 3790 nicht
1064 3740 1120 3789 ein·

619 3811 669 3862 mal
690 3810 730 3860 cin
748 3809 912 3860 schiclrlicher
927 3809 999 3860 Plctz
1017 3807 1059 3858 srir
1075 3809 1119 3858 das

620 3877 710 3930 deinde
724 3878 808 3930 findet.
