<?xml version="1.0" encoding="UTF-8"?>
<!DOCTYPE html PUBLIC "-//W3C//DTD XHTML 1.0 Transitional//EN"
    "http://www.w3.org/TR/xhtml1/DTD/xhtml1-transitional.dtd">
<html xmlns="http://www.w3.org/1999/xhtml" xml:lang="en" lang="en">
 <head>
  <title>
</title>
<meta http-equiv="Content-Type" content="text/html;charset=utf-8" />
  <meta name='ocr-system' content='tesseract 3.04.00' />
  <meta name='ocr-capabilities' content='ocr_page ocr_carea ocr_par ocr_line ocrx_word'/>
</head>
<body>
  <div class='ocr_page' id='page_1' title='image "./mtulliciceronis00schogoog_0041.png"; bbox 0 0 2646 4334; ppageno 0'>
   <div class='ocr_carea' id='block_1_1' title="bbox 477 213 1138 282">
    <p class='ocr_par' dir='ltr' id='par_1_1' title="bbox 477 213 1138 282">
     <span class='ocr_line' id='line_1_1' title="bbox 477 213 1138 282; baseline 0 -18"><span class='ocrx_word' id='word_1_1' title='bbox 477 213 570 265; x_wconf 78' lang='lat' dir='ltr'>mna</span> <span class='ocrx_word' id='word_1_2' title='bbox 597 213 741 264; x_wconf 77' lang='lat' dir='ltr'>canas,</span> <span class='ocrx_word' id='word_1_3' title='bbox 1099 219 1138 282; x_wconf 82' lang='lat'>31</span> 
     </span>
    </p>
   </div>
   <div class='ocr_carea' id='block_1_2' title="bbox 68 365 1249 1888">
    <p class='ocr_par' dir='ltr' id='par_1_2' title="bbox 68 365 1249 1888">
     <span class='ocr_line' id='line_1_2' title="bbox 81 365 1140 445; baseline 0.008 -21"><span class='ocrx_word' id='word_1_4' title='bbox 81 383 146 424; x_wconf 90' lang='lat' dir='ltr'>care</span> <span class='ocrx_word' id='word_1_5' title='bbox 160 374 189 426; x_wconf 91' lang='lat' dir='ltr'>et</span> <span class='ocrx_word' id='word_1_6' title='bbox 203 365 318 426; x_wconf 83' lang='lat' dir='ltr'>invidos</span> <span class='ocrx_word' id='word_1_7' title='bbox 333 367 545 445; x_wconf 81' lang='lat' dir='ltr'><strong>vituperatores</strong></span> <span class='ocrx_word' id='word_1_8' title='bbox 561 367 712 428; x_wconf 85' lang='lat' dir='ltr'>conlutare</span> <span class='ocrx_word' id='word_1_9' title='bbox 727 385 904 445; x_wconf 88' lang='lat' dir='ltr'>possumus,</span> <span class='ocrx_word' id='word_1_10' title='bbox 924 377 958 430; x_wconf 93' lang='lat' dir='ltr'>ut</span> <span class='ocrx_word' id='word_1_11' title='bbox 971 370 1078 432; x_wconf 87' lang='lat' dir='ltr'>alteros</span> <span class='ocrx_word' id='word_1_12' title='bbox 1092 391 1140 433; x_wconf 88' lang='lat' dir='ltr'>re-</span> 
     </span>
     <span class='ocr_line' id='line_1_3' title="bbox 78 449 1139 535; baseline 0.008 -27"><span class='ocrx_word' id='word_1_13' title='bbox 78 449 271 528; x_wconf 81' lang='lat' dir='ltr'>prehendisse</span> <span class='ocrx_word' id='word_1_14' title='bbox 285 451 444 530; x_wconf 82' lang='lat' dir='ltr'>poeniteat,</span> <span class='ocrx_word' id='word_1_15' title='bbox 459 451 539 512; x_wconf 90' lang='lat' dir='ltr'>alteri</span> <span class='ocrx_word' id='word_1_16' title='bbox 556 451 693 512; x_wconf 83' lang='lat' dir='ltr'>didicisse</span> <span class='ocrx_word' id='word_1_17' title='bbox 709 469 740 510; x_wconf 90' lang='lat' dir='ltr'>se</span> <span class='ocrx_word' id='word_1_18' title='bbox 755 454 907 530; x_wconf 81' lang='lat' dir='ltr'>gaudeant.</span> <span class='ocrx_word' id='word_1_19' title='bbox 935 454 1008 516; x_wconf 91' lang='lat' dir='ltr'>Nam</span> <span class='ocrx_word' id='word_1_20' title='bbox 1025 455 1075 535; x_wconf 91' lang='lat' dir='ltr'>qui</span> <span class='ocrx_word' id='word_1_21' title='bbox 1086 457 1139 517; x_wconf 93' lang='lat' dir='ltr'>ad-</span> 
     </span>
     <span class='ocr_line' id='line_1_4' title="bbox 79 535 1139 618; baseline 0.008 -25"><span class='ocrx_word' id='word_1_22' title='bbox 79 543 204 595; x_wconf 90' lang='lat' dir='ltr'>monent</span> <span class='ocrx_word' id='word_1_23' title='bbox 219 535 319 608; x_wconf 90' lang='lat' dir='ltr'>amice,</span> <span class='ocrx_word' id='word_1_24' title='bbox 334 536 461 596; x_wconf 85' lang='lat' dir='ltr'>docendi</span> <span class='ocrx_word' id='word_1_25' title='bbox 477 537 562 610; x_wconf 83' lang='lat' dir='ltr'>sunt3&#39;</span> <span class='ocrx_word' id='word_1_26' title='bbox 576 537 626 615; x_wconf 92' lang='lat' dir='ltr'>qui</span> <span class='ocrx_word' id='word_1_27' title='bbox 640 535 757 617; x_wconf 72' lang='lat' dir='ltr'>inimice</span> <span class='ocrx_word' id='word_1_28' title='bbox 770 537 957 610; x_wconf 87' lang='lat' dir='ltr'>insectantur,</span> <span class='ocrx_word' id='word_1_29' title='bbox 972 541 1139 618; x_wconf 88' lang='lat' dir='ltr'>repellendi.</span> 
     </span>
     <span class='ocr_line' id='line_1_5' title="bbox 75 617 1138 702; baseline 0.008 -24"><span class='ocrx_word' id='word_1_30' title='bbox 75 617 200 680; x_wconf 88' lang='lat' dir='ltr'>Multum</span> <span class='ocrx_word' id='word_1_31' title='bbox 221 629 316 680; x_wconf 90' lang='lat' dir='ltr'>autem</span> <span class='ocrx_word' id='word_1_32' title='bbox 336 620 457 680; x_wconf 84' lang='lat' dir='ltr'>lluxissa</span> <span class='ocrx_word' id='word_1_33' title='bbox 477 621 560 680; x_wconf 85' lang='lat' dir='ltr'>video</span> <span class='ocrx_word' id='word_1_34' title='bbox 581 623 616 682; x_wconf 91' lang='lat' dir='ltr'>da</span> <span class='ocrx_word' id='word_1_35' title='bbox 635 620 716 681; x_wconf 87' lang='lat' dir='ltr'>libris</span> <span class='ocrx_word' id='word_1_36' title='bbox 735 622 862 694; x_wconf 90' lang='lat' dir='ltr'>nostris,</span> <span class='ocrx_word' id='word_1_37' title='bbox 883 641 958 702; x_wconf 90' lang='lat' dir='ltr'>quos</span> <span class='ocrx_word' id='word_1_38' title='bbox 974 626 1138 702; x_wconf 85' lang='lat' dir='ltr'>complures</span> 
     </span>
     <span class='ocr_line' id='line_1_6' title="bbox 74 703 1138 790; baseline 0.007 -27"><span class='ocrx_word' id='word_1_39' title='bbox 74 703 158 764; x_wconf 90' lang='lat' dir='ltr'>brevi</span> <span class='ocrx_word' id='word_1_40' title='bbox 174 711 307 782; x_wconf 91' lang='lat' dir='ltr'>tempore</span> <span class='ocrx_word' id='word_1_41' title='bbox 323 704 480 778; x_wconf 88' lang='lat' dir='ltr'>edidimus,</span> <span class='ocrx_word' id='word_1_42' title='bbox 499 706 669 783; x_wconf 86' lang='lat' dir='ltr'>variumque</span> <span class='ocrx_word' id='word_1_43' title='bbox 684 723 853 790; x_wconf 72' lang='lat' dir='ltr'>sermonem</span> <span class='ocrx_word' id='word_1_44' title='bbox 867 708 974 785; x_wconf 89' lang='lat' dir='ltr'>partim</span> <span class='ocrx_word' id='word_1_45' title='bbox 989 708 1138 770; x_wconf 89' lang='lat' dir='ltr'>admiran-</span> 
     </span>
     <span class='ocr_line' id='line_1_7' title="bbox 73 788 1138 869; baseline 0.007 -22"><span class='ocrx_word' id='word_1_46' title='bbox 73 788 162 860; x_wconf 92' lang='lat' dir='ltr'>tium,</span> <span class='ocrx_word' id='word_1_47' title='bbox 182 789 260 850; x_wconf 91' lang='lat' dir='ltr'>unde</span> <span class='ocrx_word' id='word_1_48' title='bbox 279 790 337 849; x_wconf 87' lang='lat' dir='ltr'>hoc</span> <span class='ocrx_word' id='word_1_49' title='bbox 357 789 584 869; x_wconf 89' lang='lat' dir='ltr'>philosophandi</span> <span class='ocrx_word' id='word_1_50' title='bbox 606 790 692 852; x_wconf 90' lang='lat' dir='ltr'>nohis</span> <span class='ocrx_word' id='word_1_51' title='bbox 714 790 811 852; x_wconf 91' lang='lat' dir='ltr'>suhito</span> <span class='ocrx_word' id='word_1_52' title='bbox 828 791 958 852; x_wconf 91' lang='lat' dir='ltr'>studium</span> <span class='ocrx_word' id='word_1_53' title='bbox 973 793 1138 866; x_wconf 81' lang='lat' dir='ltr'>exstitisset,</span> 
     </span>
     <span class='ocr_line' id='line_1_8' title="bbox 71 873 1137 955; baseline 0.008 -24"><span class='ocrx_word' id='word_1_54' title='bbox 71 873 202 950; x_wconf 89' lang='lat' dir='ltr'>partim,</span> <span class='ocrx_word' id='word_1_55' title='bbox 224 873 293 952; x_wconf 93' lang='lat' dir='ltr'>quid</span> <span class='ocrx_word' id='word_1_56' title='bbox 315 892 427 953; x_wconf 86' lang='lat' dir='ltr'>quaque</span> <span class='ocrx_word' id='word_1_57' title='bbox 447 877 483 936; x_wconf 92' lang='lat' dir='ltr'>de</span> <span class='ocrx_word' id='word_1_58' title='bbox 503 893 535 935; x_wconf 90' lang='lat' dir='ltr'>re</span> <span class='ocrx_word' id='word_1_59' title='bbox 556 875 627 936; x_wconf 85' lang='lat' dir='ltr'>certi</span> <span class='ocrx_word' id='word_1_60' title='bbox 646 875 835 949; x_wconf 80' lang='lat' dir='ltr'>haberemus,</span> <span class='ocrx_word' id='word_1_61' title='bbox 856 876 931 935; x_wconf 91' lang='lat' dir='ltr'>scira</span> <span class='ocrx_word' id='word_1_62' title='bbox 949 878 1137 955; x_wconf 86' lang='lat' dir='ltr'>cupientium.</span> 
     </span>
     <span class='ocr_line' id='line_1_9' title="bbox 70 957 1137 1039; baseline 0.006 -22"><span class='ocrx_word' id='word_1_63' title='bbox 70 957 174 1017; x_wconf 85' lang='lat' dir='ltr'>Multis</span> <span class='ocrx_word' id='word_1_64' title='bbox 191 958 275 1017; x_wconf 91' lang='lat' dir='ltr'>etiam</span> <span class='ocrx_word' id='word_1_65' title='bbox 290 959 368 1018; x_wconf 91' lang='lat' dir='ltr'>sensi</span> <span class='ocrx_word' id='word_1_66' title='bbox 382 959 512 1020; x_wconf 88' lang='lat' dir='ltr'>mirabile</span> <span class='ocrx_word' id='word_1_67' title='bbox 526 960 626 1034; x_wconf 88' lang='lat' dir='ltr'>videri,</span> <span class='ocrx_word' id='word_1_68' title='bbox 643 979 707 1020; x_wconf 91' lang='lat' dir='ltr'>eam</span> <span class='ocrx_word' id='word_1_69' title='bbox 722 960 808 1021; x_wconf 89' lang='lat' dir='ltr'>nohis</span> <span class='ocrx_word' id='word_1_70' title='bbox 824 960 1013 1038; x_wconf 89' lang='lat' dir='ltr'>potissimum</span> <span class='ocrx_word' id='word_1_71' title='bbox 1028 962 1137 1039; x_wconf 90' lang='lat' dir='ltr'>proba-</span> 
     </span>
     <span class='ocr_line' id='line_1_10' title="bbox 68 1043 1138 1125; baseline 0.004 -23"><span class='ocrx_word' id='word_1_72' title='bbox 68 1050 137 1102; x_wconf 92' lang='lat' dir='ltr'>tam</span> <span class='ocrx_word' id='word_1_73' title='bbox 165 1060 229 1102; x_wconf 90' lang='lat' dir='ltr'>esse</span> <span class='ocrx_word' id='word_1_74' title='bbox 252 1043 480 1123; x_wconf 86' lang='lat' dir='ltr'>philosophiam,</span> <span class='ocrx_word' id='word_1_75' title='bbox 507 1064 580 1124; x_wconf 91' lang='lat' dir='ltr'>quae</span> <span class='ocrx_word' id='word_1_76' title='bbox 605 1045 700 1106; x_wconf 86' lang='lat' dir='ltr'>lucem</span> <span class='ocrx_word' id='word_1_77' title='bbox 731 1044 855 1125; x_wconf 89' lang='lat' dir='ltr'>eriperet</span> <span class='ocrx_word' id='word_1_78' title='bbox 874 1053 901 1112; x_wconf 86' lang='lat' dir='ltr'>at</span> <span class='ocrx_word' id='word_1_79' title='bbox 921 1046 1003 1125; x_wconf 86' lang='lat' dir='ltr'>quasi</span> <span class='ocrx_word' id='word_1_80' title='bbox 1019 1055 1138 1107; x_wconf 90' lang='lat' dir='ltr'>noctem</span> 
     </span>
     <span class='ocr_line' id='line_1_11' title="bbox 69 1127 1138 1210; baseline 0.005 -25"><span class='ocrx_word' id='word_1_81' title='bbox 69 1127 221 1205; x_wconf 91' lang='lat' dir='ltr'>quandam</span> <span class='ocrx_word' id='word_1_82' title='bbox 236 1128 322 1188; x_wconf 90' lang='lat' dir='ltr'>rebus</span> <span class='ocrx_word' id='word_1_83' title='bbox 340 1129 511 1203; x_wconf 85' lang='lat' dir='ltr'>ollunderct,</span> <span class='ocrx_word' id='word_1_84' title='bbox 526 1131 713 1208; x_wconf 87' lang='lat' dir='ltr'>desertaeque</span> <span class='ocrx_word' id='word_1_85' title='bbox 728 1130 896 1209; x_wconf 90' lang='lat' dir='ltr'>disciplinae</span> <span class='ocrx_word' id='word_1_86' title='bbox 911 1138 939 1190; x_wconf 91' lang='lat' dir='ltr'>et</span> <span class='ocrx_word' id='word_1_87' title='bbox 953 1129 1138 1210; x_wconf 89' lang='lat' dir='ltr'>iampridem</span> 
     </span>
     <span class='ocr_line' id='line_1_12' title="bbox 68 1210 1137 1293; baseline 0.006 -23"><span class='ocrx_word' id='word_1_88' title='bbox 68 1210 188 1271; x_wconf 89' lang='lat' dir='ltr'>relictae</span> <span class='ocrx_word' id='word_1_89' title='bbox 207 1214 404 1290; x_wconf 86' lang='lat' dir='ltr'>patrocinium</span> <span class='ocrx_word' id='word_1_90' title='bbox 424 1215 631 1293; x_wconf 87' lang='lat' dir='ltr'>necopinatum</span> <span class='ocrx_word' id='word_1_91' title='bbox 651 1215 768 1276; x_wconf 90' lang='lat' dir='ltr'>anobis</span> <span class='ocrx_word' id='word_1_92' title='bbox 784 1234 849 1276; x_wconf 88' lang='lat' dir='ltr'>esse</span> <span class='ocrx_word' id='word_1_93' title='bbox 864 1225 1044 1293; x_wconf 88' lang='lat' dir='ltr'>susceptum.</span> <span class='ocrx_word' id='word_1_94' title='bbox 1075 1215 1137 1276; x_wconf 93' lang='lat' dir='ltr'>Nos</span> 
     </span>
     <span class='ocr_line' id='line_1_13' title="bbox 68 1297 1141 1379; baseline 0.006 -25"><span class='ocrx_word' id='word_1_95' title='bbox 68 1303 170 1354; x_wconf 87' lang='lat' dir='ltr'>autem</span> <span class='ocrx_word' id='word_1_96' title='bbox 183 1315 237 1357; x_wconf 91' lang='lat' dir='ltr'>nec</span> <span class='ocrx_word' id='word_1_97' title='bbox 249 1297 345 1357; x_wconf 85' lang='lat' dir='ltr'>suhitc</span> <span class='ocrx_word' id='word_1_98' title='bbox 359 1299 510 1375; x_wconf 89' lang='lat' dir='ltr'>coepimus</span> <span class='ocrx_word' id='word_1_99' title='bbox 522 1299 734 1378; x_wconf 89' lang='lat' dir='ltr'>philosophari,</span> <span class='ocrx_word' id='word_1_100' title='bbox 747 1318 801 1360; x_wconf 90' lang='lat' dir='ltr'>nec</span> <span class='ocrx_word' id='word_1_101' title='bbox 816 1300 993 1360; x_wconf 89' lang='lat' dir='ltr'>mediocrem</span> <span class='ocrx_word' id='word_1_102' title='bbox 1007 1320 1025 1361; x_wconf 90' lang='lat' dir='ltr'>a</span> <span class='ocrx_word' id='word_1_103' title='bbox 1039 1300 1141 1379; x_wconf 83' lang='lat' dir='ltr'>primo</span> 
     </span>
     <span class='ocr_line' id='line_1_14' title="bbox 69 1382 1136 1463; baseline 0.006 -24"><span class='ocrx_word' id='word_1_104' title='bbox 69 1389 211 1456; x_wconf 91' lang='lat' dir='ltr'>tempore</span> <span class='ocrx_word' id='word_1_105' title='bbox 227 1382 327 1440; x_wconf 86' lang='lat' dir='ltr'>aetatis</span> <span class='ocrx_word' id='word_1_106' title='bbox 349 1382 378 1439; x_wconf 93' lang='lat' dir='ltr'>in</span> <span class='ocrx_word' id='word_1_107' title='bbox 399 1383 548 1444; x_wconf 83' lang='lat' dir='ltr'>eustadio</span> <span class='ocrx_word' id='word_1_108' title='bbox 570 1401 690 1461; x_wconf 87' lang='lat' dir='ltr'>operam</span> <span class='ocrx_word' id='word_1_109' title='bbox 708 1403 864 1463; x_wconf 88' lang='lat' dir='ltr'>curamque</span> <span class='ocrx_word' id='word_1_110' title='bbox 887 1385 1136 1462; x_wconf 87' lang='lat' dir='ltr'>consumpsimus,</span> 
     </span>
     <span class='ocr_line' id='line_1_15' title="bbox 68 1463 1173 1546; baseline 0.006 -24"><span class='ocrx_word' id='word_1_111' title='bbox 68 1471 110 1537; x_wconf 88' lang='lat' dir='ltr'>et,</span> <span class='ocrx_word' id='word_1_112' title='bbox 142 1481 234 1540; x_wconf 91' lang='lat' dir='ltr'>quum</span> <span class='ocrx_word' id='word_1_113' title='bbox 255 1463 376 1522; x_wconf 90' lang='lat' dir='ltr'>minima</span> <span class='ocrx_word' id='word_1_114' title='bbox 399 1463 580 1539; x_wconf 88' lang='lat' dir='ltr'>videbamur,</span> <span class='ocrx_word' id='word_1_115' title='bbox 606 1474 669 1527; x_wconf 91' lang='lat' dir='ltr'>tum</span> <span class='ocrx_word' id='word_1_116' title='bbox 692 1468 817 1526; x_wconf 84' lang='lat' dir='ltr'>maxime</span> <span class='ocrx_word' id='word_1_117' title='bbox 841 1465 1135 1546; x_wconf 83' lang='lat' dir='ltr'>philosophabamur3</span> <span class='ocrx_word' id='word_1_118' title='bbox 1157 1478 1173 1528; x_wconf 85' lang='grc'>6</span> 
     </span>
     <span class='ocr_line' id='line_1_16' title="bbox 68 1545 1136 1628; baseline 0.007 -21"><span class='ocrx_word' id='word_1_119' title='bbox 68 1547 155 1627; x_wconf 86' lang='lat' dir='ltr'>quod</span> <span class='ocrx_word' id='word_1_120' title='bbox 181 1555 209 1607; x_wconf 92' lang='lat' dir='ltr'>et</span> <span class='ocrx_word' id='word_1_121' title='bbox 229 1545 378 1606; x_wconf 89' lang='lat' dir='ltr'>orationes</span> <span class='ocrx_word' id='word_1_122' title='bbox 400 1547 546 1608; x_wconf 86' lang='lat' dir='ltr'>declarant</span> <span class='ocrx_word' id='word_1_123' title='bbox 565 1550 685 1625; x_wconf 80' lang='lat' dir='ltr'>refertae</span> <span class='ocrx_word' id='word_1_124' title='bbox 706 1550 953 1628; x_wconf 87' lang='lat' dir='ltr'>philosophorum</span> <span class='ocrx_word' id='word_1_125' title='bbox 974 1553 1136 1626; x_wconf 85' lang='lat' dir='ltr'>sententiis,</span> 
     </span>
     <span class='ocr_line' id='line_1_17' title="bbox 68 1631 1249 1716; baseline 0.003 -25"><span class='ocrx_word' id='word_1_126' title='bbox 68 1639 97 1691; x_wconf 86' lang='lat' dir='ltr'>et</span> <span class='ocrx_word' id='word_1_127' title='bbox 113 1631 360 1692; x_wconf 85' lang='lat' dir='ltr'>doctissimorum</span> <span class='ocrx_word' id='word_1_128' title='bbox 374 1631 530 1692; x_wconf 90' lang='lat' dir='ltr'>hominum</span> <span class='ocrx_word' id='word_1_129' title='bbox 545 1633 759 1705; x_wconf 81' lang='lat' dir='ltr'>familiaritates,</span> <span class='ocrx_word' id='word_1_130' title='bbox 778 1633 883 1711; x_wconf 87' lang='lat' dir='ltr'>quibus</span> <span class='ocrx_word' id='word_1_131' title='bbox 898 1653 1015 1710; x_wconf 90' lang='lat' dir='ltr'>semper</span> <span class='ocrx_word' id='word_1_132' title='bbox 1029 1636 1136 1695; x_wconf 90' lang='lat' dir='ltr'>domus</span> <span class='ocrx_word' id='word_1_133' title='bbox 1243 1705 1249 1716; x_wconf 32' lang='grc' dir='ltr'><em>Ι</em></span> 
     </span>
     <span class='ocr_line' id='line_1_18' title="bbox 68 1715 1241 1795; baseline 0.002 -19"><span class='ocrx_word' id='word_1_134' title='bbox 68 1723 178 1776; x_wconf 89' lang='lat' dir='ltr'>nostra</span> <span class='ocrx_word' id='word_1_135' title='bbox 192 1716 301 1786; x_wconf 90' lang='lat' dir='ltr'>lloruit,</span> <span class='ocrx_word' id='word_1_136' title='bbox 319 1724 347 1775; x_wconf 93' lang='lat' dir='ltr'>et</span> <span class='ocrx_word' id='word_1_137' title='bbox 362 1715 511 1793; x_wconf 89' lang='lat' dir='ltr'>principes</span> <span class='ocrx_word' id='word_1_138' title='bbox 524 1715 571 1790; x_wconf 90' lang='lat' dir='ltr'>illi,</span> <span class='ocrx_word' id='word_1_139' title='bbox 586 1717 739 1788; x_wconf 89' lang='lat' dir='ltr'>Diodotus,</span> <span class='ocrx_word' id='word_1_140' title='bbox 755 1717 849 1789; x_wconf 87' lang='lat' dir='ltr'>Philo,</span> <span class='ocrx_word' id='word_1_141' title='bbox 864 1717 1035 1790; x_wconf 78' lang='lat' dir='ltr'>Antiochus,</span> <span class='ocrx_word' id='word_1_142' title='bbox 1049 1718 1136 1795; x_wconf 78' lang='lat' dir='ltr'>Posi·</span> <span class='ocrx_word' id='word_1_143' title='bbox 1234 1717 1241 1734; x_wconf 66' lang='lat'><em>¹</em></span> 
     </span>
     <span class='ocr_line' id='line_1_19' title="bbox 68 1783 1241 1888; baseline 0.002 -28"><span class='ocrx_word' id='word_1_144' title='bbox 68 1800 192 1872; x_wconf 70' lang='lat' dir='ltr'>alonius,</span> <span class='ocrx_word' id='word_1_145' title='bbox 205 1818 220 1861; x_wconf 92' lang='lat' dir='ltr'>a</span> <span class='ocrx_word' id='word_1_146' title='bbox 234 1800 342 1878; x_wconf 91' lang='lat' dir='ltr'>quihus</span> <span class='ocrx_word' id='word_1_147' title='bbox 354 1800 479 1860; x_wconf 89' lang='lat' dir='ltr'>instituti</span> <span class='ocrx_word' id='word_1_148' title='bbox 491 1819 604 1862; x_wconf 88' lang='lat' dir='ltr'>sumus.</span> <span class='ocrx_word' id='word_1_149' title='bbox 625 1803 662 1862; x_wconf 91' lang='lat' dir='ltr'>Et</span> <span class='ocrx_word' id='word_1_150' title='bbox 677 1801 703 1888; x_wconf 82' lang='lat' dir='ltr'>si</span> <span class='ocrx_word' id='word_1_151' title='bbox 718 1801 816 1861; x_wconf 91' lang='lat' dir='ltr'>omnia</span> <span class='ocrx_word' id='word_1_152' title='bbox 831 1783 1035 1879; x_wconf 70' lang='lat' dir='ltr'>philosophiae</span> <span class='ocrx_word' id='word_1_153' title='bbox 1050 1785 1136 1880; x_wconf 56' lang='lat' dir='ltr'>prde-</span> <span class='ocrx_word' id='word_1_154' title='bbox 1159 1813 1173 1862; x_wconf 82' lang='lat'><strong>7</strong></span> <span class='ocrx_word' id='word_1_155' title='bbox 1232 1815 1241 1836; x_wconf 74' lang='lat'><strong><em>‘</em></strong></span> 
     </span>
    </p>
   </div>
   <div class='ocr_carea' id='block_1_3' title="bbox 14 1865 174 1894">
    <p class='ocr_par' dir='ltr' id='par_1_3' title="bbox 14 1865 174 1894">
     <span class='ocr_line' id='line_1_20' title="bbox 14 1865 174 1894; baseline 0 0"><span class='ocrx_word' id='word_1_156' title='bbox 14 1869 20 1876; x_wconf 73' lang='lat'><em>⁴</em></span> <span class='ocrx_word' id='word_1_157' title='bbox 80 1865 174 1894; x_wconf 54' lang='lat' dir='ltr'>...a-³</span> 
     </span>
    </p>
   </div>
   <div class='ocr_carea' id='block_1_4' title="bbox 14 1951 580 3896">
    <p class='ocr_par' dir='ltr' id='par_1_4' title="bbox 14 1951 580 3896">
     <span class='ocr_line' id='line_1_21' title="bbox 68 1951 578 2016; baseline -0.002 -14"><span class='ocrx_word' id='word_1_158' title='bbox 68 1952 178 2002; x_wconf 89' lang='lat' dir='ltr'>lndem</span> <span class='ocrx_word' id='word_1_159' title='bbox 201 1952 248 2001; x_wconf 88' lang='lat' dir='ltr'>ich</span> <span class='ocrx_word' id='word_1_160' title='bbox 270 1968 342 2015; x_wconf 89' lang='lat' dir='ltr'>nun,</span> <span class='ocrx_word' id='word_1_161' title='bbox 367 1952 422 2000; x_wconf 89' lang='lat' dir='ltr'>will</span> <span class='ocrx_word' id='word_1_162' title='bbox 443 1951 470 2000; x_wconf 82' lang='lat' dir='ltr'>G.</span> <span class='ocrx_word' id='word_1_163' title='bbox 493 1968 578 2016; x_wconf 80' lang='lat' dir='ltr'>sagea,</span> 
     </span>
     <span class='ocr_line' id='line_1_22' title="bbox 68 2019 580 2082; baseline 0.002 -14"><span class='ocrx_word' id='word_1_164' title='bbox 68 2021 159 2070; x_wconf 88' lang='lat' dir='ltr'>diese</span> <span class='ocrx_word' id='word_1_165' title='bbox 181 2019 384 2082; x_wconf 79' lang='lat' dir='ltr'>Straitfr·age</span> <span class='ocrx_word' id='word_1_166' title='bbox 405 2035 443 2068; x_wconf 87' lang='lat' dir='ltr'>zu</span> <span class='ocrx_word' id='word_1_167' title='bbox 464 2019 580 2069; x_wconf 78' lang='lat' dir='ltr'>belian-</span> 
     </span>
     <span class='ocr_line' id='line_1_23' title="bbox 69 2087 577 2149; baseline 0.002 -13"><span class='ocrx_word' id='word_1_168' title='bbox 69 2087 147 2136; x_wconf 89' lang='lat' dir='ltr'>deln</span> <span class='ocrx_word' id='word_1_169' title='bbox 187 2087 405 2149; x_wconf 85' lang='lat' dir='ltr'>unternehme‚</span> <span class='ocrx_word' id='word_1_170' title='bbox 446 2087 496 2135; x_wconf 91' lang='lat' dir='ltr'>hin</span> <span class='ocrx_word' id='word_1_171' title='bbox 531 2088 577 2137; x_wconf 89' lang='lat' dir='ltr'>ioh</span> 
     </span>
     <span class='ocr_line' id='line_1_24' title="bbox 68 2153 577 2216; baseline 0.004 -14"><span class='ocrx_word' id='word_1_172' title='bbox 68 2154 154 2204; x_wconf 91' lang='lat' dir='ltr'>wohl</span> <span class='ocrx_word' id='word_1_173' title='bbox 172 2153 350 2216; x_wconf 88' lang='lat' dir='ltr'>imStande,</span> <span class='ocrx_word' id='word_1_174' title='bbox 370 2155 447 2203; x_wconf 87' lang='lat' dir='ltr'>mich</span> <span class='ocrx_word' id='word_1_175' title='bbox 461 2155 577 2204; x_wconf 83' lang='lat' dir='ltr'>daswe-</span> 
     </span>
     <span class='ocr_line' id='line_1_25' title="bbox 68 2221 578 2284; baseline 0 -13"><span class='ocrx_word' id='word_1_176' title='bbox 68 2238 130 2284; x_wconf 79' lang='lat' dir='ltr'>gan</span> <span class='ocrx_word' id='word_1_177' title='bbox 156 2236 258 2284; x_wconf 66' lang='lat' dir='ltr'>gagen¹</span> <span class='ocrx_word' id='word_1_178' title='bbox 277 2222 434 2284; x_wconf 82' lang='lat' dir='ltr'>etwanige</span> <span class='ocrx_word' id='word_1_179' title='bbox 459 2221 578 2271; x_wconf 85' lang='lat' dir='ltr'>Tadler</span> 
     </span>
     <span class='ocr_line' id='line_1_26' title="bbox 69 2288 577 2352; baseline 0 -14"><span class='ocrx_word' id='word_1_180' title='bbox 69 2307 107 2338; x_wconf 90' lang='lat' dir='ltr'>zu</span> <span class='ocrx_word' id='word_1_181' title='bbox 118 2288 362 2352; x_wconf 74' lang='lat' dir='ltr'>rechtlertigen.</span> <span class='ocrx_word' id='word_1_182' title='bbox 377 2288 577 2340; x_wconf 86' lang='lat' dir='ltr'>Unterdenbei-</span> 
     </span>
     <span class='ocr_line' id='line_1_27' title="bbox 69 2355 575 2406; baseline 0 0"><span class='ocrx_word' id='word_1_183' title='bbox 69 2359 118 2406; x_wconf 89' lang='lat' dir='ltr'>den</span> <span class='ocrx_word' id='word_1_184' title='bbox 142 2368 191 2405; x_wconf 88' lang='lat' dir='ltr'>nun</span> <span class='ocrx_word' id='word_1_185' title='bbox 208 2357 386 2406; x_wconf 80' lang='lat' dir='ltr'>bezeichneten</span> <span class='ocrx_word' id='word_1_186' title='bbox 403 2355 507 2406; x_wconf 83' lang='lat' dir='ltr'>Classen</span> <span class='ocrx_word' id='word_1_187' title='bbox 526 2373 575 2406; x_wconf 92' lang='lat' dir='ltr'>von</span> 
     </span>
     <span class='ocr_line' id='line_1_28' title="bbox 69 2423 577 2490; baseline 0 -16"><span class='ocrx_word' id='word_1_188' title='bbox 69 2423 183 2474; x_wconf 85' lang='lat' dir='ltr'>Tadlern</span> <span class='ocrx_word' id='word_1_189' title='bbox 196 2424 235 2474; x_wconf 89' lang='lat' dir='ltr'>die</span> <span class='ocrx_word' id='word_1_190' title='bbox 248 2424 350 2474; x_wconf 85' lang='lat' dir='ltr'>Stoiker</span> <span class='ocrx_word' id='word_1_191' title='bbox 366 2425 416 2473; x_wconf 91' lang='lat' dir='ltr'>und</span> <span class='ocrx_word' id='word_1_192' title='bbox 428 2425 468 2474; x_wconf 89' lang='lat' dir='ltr'>die</span> <span class='ocrx_word' id='word_1_193' title='bbox 481 2425 577 2490; x_wconf 82' lang='lat' dir='ltr'>Epikn-</span> 
     </span>
     <span class='ocr_line' id='line_1_29' title="bbox 70 2490 576 2554; baseline -0.002 -13"><span class='ocrx_word' id='word_1_194' title='bbox 70 2507 133 2541; x_wconf 86' lang='lat' dir='ltr'>reer</span> <span class='ocrx_word' id='word_1_195' title='bbox 146 2507 177 2539; x_wconf 88' lang='lat' dir='ltr'>zu</span> <span class='ocrx_word' id='word_1_196' title='bbox 189 2493 339 2553; x_wconf 88' lang='lat' dir='ltr'>varstehen,</span> <span class='ocrx_word' id='word_1_197' title='bbox 351 2492 401 2540; x_wconf 87' lang='lat' dir='ltr'>wia</span> <span class='ocrx_word' id='word_1_198' title='bbox 414 2490 518 2541; x_wconf 87' lang='lat' dir='ltr'>Manche</span> <span class='ocrx_word' id='word_1_199' title='bbox 531 2507 576 2554; x_wconf 74' lang='lat' dir='ltr'>ge-</span> 
     </span>
     <span class='ocr_line' id='line_1_30' title="bbox 69 2559 548 2623; baseline 0.006 -17"><span class='ocrx_word' id='word_1_200' title='bbox 69 2559 145 2608; x_wconf 87' lang='lat' dir='ltr'>wollt</span> <span class='ocrx_word' id='word_1_201' title='bbox 158 2559 242 2623; x_wconf 87' lang='lat' dir='ltr'>haben,</span> <span class='ocrx_word' id='word_1_202' title='bbox 254 2559 287 2608; x_wconf 88' lang='lat' dir='ltr'>ist</span> <span class='ocrx_word' id='word_1_203' title='bbox 300 2559 412 2608; x_wconf 82' lang='lat' dir='ltr'>offenbar</span> <span class='ocrx_word' id='word_1_204' title='bbox 420 2559 548 2609; x_wconf 83' lang='lat' dir='ltr'>verlohrt.</span> 
     </span>
     <span class='ocr_line' id='line_1_31' title="bbox 105 2625 576 2693; baseline 0 -19"><span class='ocrx_word' id='word_1_205' title='bbox 105 2626 132 2674; x_wconf 95' lang='grc'>6.</span> <span class='ocrx_word' id='word_1_206' title='bbox 151 2642 208 2675; x_wconf 86' lang='lat' dir='ltr'>eam</span> <span class='ocrx_word' id='word_1_207' title='bbox 218 2654 253 2662; x_wconf 88' lang='lat'><em>-</em></span> <span class='ocrx_word' id='word_1_208' title='bbox 263 2625 456 2693; x_wconf 71' lang='lat' dir='ltr'>philosophiam,</span> <span class='ocrx_word' id='word_1_209' title='bbox 471 2627 576 2676; x_wconf 85' lang='lat' dir='ltr'>niimlich</span> 
     </span>
     <span class='ocr_line' id='line_1_32' title="bbox 73 2693 576 2744; baseline 0 -2"><span class='ocrx_word' id='word_1_210' title='bbox 73 2693 262 2744; x_wconf 75' lang='lat' dir='ltr'>Academicum</span> <span class='ocrx_word' id='word_1_211' title='bbox 291 2693 412 2742; x_wconf 85' lang='lat' dir='ltr'>Aehnlioh</span> <span class='ocrx_word' id='word_1_212' title='bbox 436 2693 502 2742; x_wconf 80' lang='lat' dir='ltr'>liisst</span> <span class='ocrx_word' id='word_1_213' title='bbox 525 2693 576 2742; x_wconf 89' lang='lat' dir='ltr'>Cic.</span> 
     </span>
     <span class='ocr_line' id='line_1_33' title="bbox 69 2759 575 2824; baseline -0.004 -14"><span class='ocrx_word' id='word_1_214' title='bbox 69 2761 149 2811; x_wconf 82' lang='lat' dir='ltr'>Acad.</span> <span class='ocrx_word' id='word_1_215' title='bbox 163 2759 197 2824; x_wconf 92' lang='lat' dir='ltr'>ll,</span> <span class='ocrx_word' id='word_1_216' title='bbox 212 2761 256 2822; x_wconf 85' lang='lat'>19,</span> <span class='ocrx_word' id='word_1_217' title='bbox 270 2761 300 2810; x_wconf 88' lang='grc'>61</span> <span class='ocrx_word' id='word_1_218' title='bbox 315 2763 362 2810; x_wconf 88' lang='lat' dir='ltr'>den</span> <span class='ocrx_word' id='word_1_219' title='bbox 375 2760 466 2809; x_wconf 90' lang='lat' dir='ltr'>Lucull</span> <span class='ocrx_word' id='word_1_220' title='bbox 479 2775 511 2808; x_wconf 88' lang='lat' dir='ltr'>zu</span> <span class='ocrx_word' id='word_1_221' title='bbox 523 2760 575 2810; x_wconf 89' lang='lat' dir='ltr'>sich</span> 
     </span>
     <span class='ocr_line' id='line_1_34' title="bbox 70 2828 577 2895; baseline -0.006 -17"><span class='ocrx_word' id='word_1_222' title='bbox 70 2845 161 2892; x_wconf 81' lang='lat' dir='ltr'>sagea:</span> <span class='ocrx_word' id='word_1_223' title='bbox 182 2828 252 2880; x_wconf 82' lang='lat' dir='ltr'>Tune</span> <span class='ocrx_word' id='word_1_224' title='bbox 269 2845 325 2879; x_wconf 88' lang='lat' dir='ltr'>eam</span> <span class='ocrx_word' id='word_1_225' title='bbox 339 2828 526 2895; x_wconf 78' lang='lat' dir='ltr'>philosophiam</span> <span class='ocrx_word' id='word_1_226' title='bbox 536 2843 577 2876; x_wconf 84' lang='lat' dir='ltr'>sa-</span> 
     </span>
     <span class='ocr_line' id='line_1_35' title="bbox 69 2895 577 2962; baseline -0.006 -16"><span class='ocrx_word' id='word_1_227' title='bbox 69 2911 157 2962; x_wconf 77' lang='lat' dir='ltr'>puere,</span> <span class='ocrx_word' id='word_1_228' title='bbox 170 2913 233 2960; x_wconf 85' lang='lat' dir='ltr'>quae</span> <span class='ocrx_word' id='word_1_229' title='bbox 245 2897 449 2962; x_wconf 73' lang='lat' dir='ltr'>ccqfuuds&#39;tcera</span> <span class='ocrx_word' id='word_1_230' title='bbox 457 2895 577 2959; x_wconf 80' lang='lat' dir='ltr'>cumsci-</span> 
     </span>
     <span class='ocr_line' id='line_1_36' title="bbox 14 2964 577 3030; baseline -0.002 -14"><span class='ocrx_word' id='word_1_231' title='bbox 14 3011 16 3016; x_wconf 84' lang='lat'><em>.</em></span> <span class='ocrx_word' id='word_1_232' title='bbox 68 2964 577 3030; x_wconf 73' lang='lat' dir='ltr'>ais,spoleatumiudiciqpeiuutuppro-</span> 
     </span>
     <span class='ocr_line' id='line_1_37' title="bbox 69 3033 577 3097; baseline -0.004 -15"><span class='ocrx_word' id='word_1_233' title='bbox 69 3035 184 3097; x_wconf 81' lang='lat' dir='ltr'>batione,</span> <span class='ocrx_word' id='word_1_234' title='bbox 209 3035 324 3083; x_wconf 74' lang='lat' dir='ltr'>ornuidu&#39;s</span> <span class='ocrx_word' id='word_1_235' title='bbox 349 3033 423 3083; x_wconf 81' lang='lat' dir='ltr'>orbat</span> <span class='ocrx_word' id='word_1_236' title='bbox 442 3033 577 3080; x_wconf 78' lang='lat' dir='ltr'>sensibus?</span> 
     </span>
     <span class='ocr_line' id='line_1_38' title="bbox 68 3099 576 3163; baseline 0 -15"><span class='ocrx_word' id='word_1_237' title='bbox 68 3128 103 3136; x_wconf 92' lang='lat'><strong>—</strong></span> <span class='ocrx_word' id='word_1_238' title='bbox 124 3099 162 3148; x_wconf 91' lang='lat' dir='ltr'>Zn</span> <span class='ocrx_word' id='word_1_239' title='bbox 175 3100 222 3149; x_wconf 90' lang='lat' dir='ltr'>den</span> <span class='ocrx_word' id='word_1_240' title='bbox 238 3100 344 3149; x_wconf 88' lang='lat' dir='ltr'>Warten</span> <span class='ocrx_word' id='word_1_241' title='bbox 358 3115 421 3163; x_wconf 88' lang='lat' dir='ltr'>quaa</span> <span class='ocrx_word' id='word_1_242' title='bbox 433 3099 515 3148; x_wconf 86' lang='lat' dir='ltr'>lucem</span> <span class='ocrx_word' id='word_1_243' title='bbox 527 3101 576 3149; x_wconf 78' lang='lat' dir='ltr'>etu&#39;-</span> 
     </span>
     <span class='ocr_line' id='line_1_39' title="bbox 66 3165 575 3235; baseline -0.004 -17"><span class='ocrx_word' id='word_1_244' title='bbox 66 3172 145 3235; x_wconf 84' lang='lat' dir='ltr'>peret</span> <span class='ocrx_word' id='word_1_245' title='bbox 155 3167 203 3216; x_wconf 87' lang='lat' dir='ltr'>den</span> <span class='ocrx_word' id='word_1_246' title='bbox 213 3168 289 3218; x_wconf 87' lang='lat' dir='ltr'>Dativ</span> <span class='ocrx_word' id='word_1_247' title='bbox 298 3169 374 3217; x_wconf 85' lang='lat' dir='ltr'>rebus</span> <span class='ocrx_word' id='word_1_248' title='bbox 387 3168 419 3216; x_wconf 79' lang='lat' dir='ltr'>ini</span> <span class='ocrx_word' id='word_1_249' title='bbox 429 3165 575 3229; x_wconf 80' lang='lat' dir='ltr'>Fulgenden</span> 
     </span>
     <span class='ocr_line' id='line_1_40' title="bbox 68 3233 575 3298; baseline 0 -14"><span class='ocrx_word' id='word_1_250' title='bbox 68 3253 101 3284; x_wconf 90' lang='lat' dir='ltr'>zu</span> <span class='ocrx_word' id='word_1_251' title='bbox 111 3235 210 3298; x_wconf 89' lang='lat' dir='ltr'>ziahen,</span> <span class='ocrx_word' id='word_1_252' title='bbox 222 3236 429 3285; x_wconf 86' lang='lat' dir='ltr'>verbietetschon</span> <span class='ocrx_word' id='word_1_253' title='bbox 438 3234 477 3282; x_wconf 87' lang='lat' dir='ltr'>die</span> <span class='ocrx_word' id='word_1_254' title='bbox 485 3233 575 3284; x_wconf 88' lang='lat' dir='ltr'>Wart-</span> 
     </span>
     <span class='ocr_line' id='line_1_41' title="bbox 69 3301 575 3366; baseline -0.002 -14"><span class='ocrx_word' id='word_1_255' title='bbox 69 3303 190 3366; x_wconf 76' lang='lat' dir='ltr'>stellung.</span> <span class='ocrx_word' id='word_1_256' title='bbox 226 3302 354 3353; x_wconf 87' lang='lat' dir='ltr'>Vielmahr</span> <span class='ocrx_word' id='word_1_257' title='bbox 378 3302 413 3351; x_wconf 90' lang='lat' dir='ltr'>ist</span> <span class='ocrx_word' id='word_1_258' title='bbox 432 3303 479 3350; x_wconf 91' lang='lat' dir='ltr'>der</span> <span class='ocrx_word' id='word_1_259' title='bbox 500 3301 575 3352; x_wconf 78' lang='lat' dir='ltr'>Dativ</span> 
     </span>
     <span class='ocr_line' id='line_1_42' title="bbox 68 3369 575 3436; baseline -0.004 -16"><span class='ocrx_word' id='word_1_260' title='bbox 68 3372 140 3420; x_wconf 85' lang='lat' dir='ltr'>eines</span> <span class='ocrx_word' id='word_1_261' title='bbox 165 3370 342 3436; x_wconf 74' lang='lat' dir='ltr'>parsiialie&#39;hen</span> <span class='ocrx_word' id='word_1_262' title='bbox 363 3369 479 3432; x_wconf 87' lang='lat' dir='ltr'>0hjects,</span> <span class='ocrx_word' id='word_1_263' title='bbox 503 3371 575 3419; x_wconf 80' lang='lat' dir='ltr'>nohis</span> 
     </span>
     <span class='ocr_line' id='line_1_43' title="bbox 69 3437 574 3498; baseline -0.004 -10"><span class='ocrx_word' id='word_1_264' title='bbox 69 3439 133 3488; x_wconf 88' lang='lat' dir='ltr'>oder</span> <span class='ocrx_word' id='word_1_265' title='bbox 164 3439 322 3498; x_wconf 79' lang='lat' dir='ltr'>hominibus,</span> <span class='ocrx_word' id='word_1_266' title='bbox 359 3437 574 3488; x_wconf 79' lang='lat' dir='ltr'>hinzuzndenlren.</span> 
     </span>
     <span class='ocr_line' id='line_1_44' title="bbox 67 3504 574 3570; baseline -0.002 -15"><span class='ocrx_word' id='word_1_267' title='bbox 67 3506 128 3569; x_wconf 73' lang='lat' dir='ltr'>vgr.</span> <span class='ocrx_word' id='word_1_268' title='bbox 141 3505 220 3555; x_wconf 76' lang='lat' dir='ltr'>head.</span> <span class='ocrx_word' id='word_1_269' title='bbox 232 3505 261 3570; x_wconf 85' lang='lat' dir='ltr'>ll,</span> <span class='ocrx_word' id='word_1_270' title='bbox 277 3505 316 3566; x_wconf 90' lang='grc'>10,</span> <span class='ocrx_word' id='word_1_271' title='bbox 329 3504 372 3554; x_wconf 84' lang='grc' dir='ltr'>3οι</span> <span class='ocrx_word' id='word_1_272' title='bbox 391 3505 452 3570; x_wconf 81' lang='lat' dir='ltr'>quid</span> <span class='ocrx_word' id='word_1_273' title='bbox 463 3505 574 3570; x_wconf 82' lang='lat' dir='ltr'>eumfa-</span> 
     </span>
     <span class='ocr_line' id='line_1_45' title="bbox 68 3571 577 3641; baseline -0.002 -18"><span class='ocrx_word' id='word_1_274' title='bbox 68 3579 175 3624; x_wconf 82' lang='lat' dir='ltr'>cturum</span> <span class='ocrx_word' id='word_1_275' title='bbox 193 3577 282 3641; x_wconf 83' lang='lat' dir='ltr'>putem</span> <span class='ocrx_word' id='word_1_276' title='bbox 298 3573 329 3622; x_wconf 88' lang='lat' dir='ltr'>de</span> <span class='ocrx_word' id='word_1_277' title='bbox 344 3571 436 3622; x_wconf 84' lang='lat' dir='ltr'>additis</span> <span class='ocrx_word' id='word_1_278' title='bbox 457 3573 533 3623; x_wconf 83' lang='lat' dir='ltr'>radus</span> <span class='ocrx_word' id='word_1_279' title='bbox 551 3577 577 3622; x_wconf 85' lang='lat' dir='ltr'>et</span> 
     </span>
     <span class='ocr_line' id='line_1_46' title="bbox 69 3641 576 3706; baseline -0.002 -17"><span class='ocrx_word' id='word_1_280' title='bbox 69 3643 195 3705; x_wconf 79' lang='lat' dir='ltr'>obscuris,</span> <span class='ocrx_word' id='word_1_281' title='bbox 206 3642 251 3706; x_wconf 83' lang='lat' dir='ltr'>qui</span> <span class='ocrx_word' id='word_1_282' title='bbox 259 3641 339 3692; x_wconf 76' lang='lat' dir='ltr'>lemene</span> <span class='ocrx_word' id='word_1_283' title='bbox 348 3642 576 3706; x_wconf 80' lang='lat' dir='ltr'>eriperecouetur?</span> 
     </span>
     <span class='ocr_line' id='line_1_47' title="bbox 69 3707 574 3772; baseline 0 -14"><span class='ocrx_word' id='word_1_284' title='bbox 69 3709 102 3760; x_wconf 88' lang='lat' dir='ltr'>ih.</span> <span class='ocrx_word' id='word_1_285' title='bbox 117 3725 138 3758; x_wconf 91' lang='lat' dir='ltr'>c.</span> <span class='ocrx_word' id='word_1_286' title='bbox 155 3708 196 3772; x_wconf 88' lang='lat'>32,</span> <span class='ocrx_word' id='word_1_287' title='bbox 212 3707 510 3758; x_wconf 61' lang='lat' dir='ltr'>lamentationum</span> <span class='ocrx_word' id='word_1_288' title='bbox 524 3710 574 3758; x_wconf 84' lang='lat' dir='ltr'>art&#39;-</span> 
     </span>
     <span class='ocr_line' id='line_1_48' title="bbox 66 3775 574 3845; baseline 0 -19"><span class='ocrx_word' id='word_1_289' title='bbox 66 3779 173 3845; x_wconf 80' lang='lat' dir='ltr'>pimus,·</span> <span class='ocrx_word' id='word_1_290' title='bbox 187 3775 234 3826; x_wconf 88' lang='lat' dir='ltr'>sed</span> <span class='ocrx_word' id='word_1_291' title='bbox 242 3791 278 3839; x_wconf 89' lang='lat' dir='ltr'>eu,</span> <span class='ocrx_word' id='word_1_292' title='bbox 289 3793 354 3842; x_wconf 88' lang='lat' dir='ltr'>quae</span> <span class='ocrx_word' id='word_1_293' title='bbox 362 3789 407 3824; x_wconf 82' lang='lat' dir='ltr'>uos</span> <span class='ocrx_word' id='word_1_294' title='bbox 414 3776 519 3842; x_wconf 78' lang='lat' dir='ltr'>pmcr&#39;pt&#39;,</span> <span class='ocrx_word' id='word_1_295' title='bbox 530 3791 574 3826; x_wconf 84' lang='lat' dir='ltr'>eu-</span> 
     </span>
     <span class='ocr_line' id='line_1_49' title="bbox 68 3841 573 3896; baseline -0.002 -1"><span class='ocrx_word' id='word_1_296' title='bbox 68 3845 128 3895; x_wconf 86' lang='lat' dir='ltr'>dem</span> <span class='ocrx_word' id='word_1_297' title='bbox 139 3859 189 3894; x_wconf 84' lang='lat' dir='ltr'>uos</span> <span class='ocrx_word' id='word_1_298' title='bbox 201 3843 282 3896; x_wconf 71' lang='lat' dir='ltr'>adden*</span> <span class='ocrx_word' id='word_1_299' title='bbox 296 3845 411 3894; x_wconf 82' lang='lat' dir='ltr'>dicimus.</span> <span class='ocrx_word' id='word_1_300' title='bbox 425 3859 449 3892; x_wconf 90' lang='lat' dir='ltr'>u.</span> <span class='ocrx_word' id='word_1_301' title='bbox 464 3841 524 3892; x_wconf 78' lang='lat'>103:</span> <span class='ocrx_word' id='word_1_302' title='bbox 541 3845 573 3894; x_wconf 79' lang='lat' dir='ltr'>ab</span> 
     </span>
    </p>
   </div>
   <div class='ocr_carea' id='block_1_5' title="bbox 631 1951 1174 2224">
    <p class='ocr_par' dir='ltr' id='par_1_5' title="bbox 631 1951 1138 2155">
     <span class='ocr_line' id='line_1_50' title="bbox 632 1951 1136 2020; baseline 0.006 -19"><span class='ocrx_word' id='word_1_303' title='bbox 632 1951 773 2002; x_wconf 81' lang='lat' dir='ltr'>Academia</span> <span class='ocrx_word' id='word_1_304' title='bbox 785 1967 877 2002; x_wconf 79' lang='lat' dir='ltr'>seusus</span> <span class='ocrx_word' id='word_1_305' title='bbox 894 1955 965 2020; x_wconf 70' lang='lat' dir='ltr'>empi.</span> <span class='ocrx_word' id='word_1_306' title='bbox 988 1952 1020 2002; x_wconf 87' lang='lat' dir='ltr'>cl.</span> <span class='ocrx_word' id='word_1_307' title='bbox 1033 1953 1089 2004; x_wconf 87' lang='lat' dir='ltr'>Liv.</span> <span class='ocrx_word' id='word_1_308' title='bbox 1101 1955 1136 2017; x_wconf 87' lang='lat' dir='ltr'>X,</span> 
     </span>
     <span class='ocr_line' id='line_1_51' title="bbox 633 2017 1138 2085; baseline 0.012 -17"><span class='ocrx_word' id='word_1_309' title='bbox 633 2017 678 2068; x_wconf 80' lang='lat'>32:</span> <span class='ocrx_word' id='word_1_310' title='bbox 695 2019 786 2070; x_wconf 75' lang='lat' dir='ltr'>nebula</span> <span class='ocrx_word' id='word_1_311' title='bbox 802 2024 903 2069; x_wconf 79' lang='lat' dir='ltr'>erat-</span> <span class='ocrx_word' id='word_1_312' title='bbox 916 2021 996 2070; x_wconf 85' lang='lat' dir='ltr'>densa</span> <span class='ocrx_word' id='word_1_313' title='bbox 1013 2021 1088 2085; x_wconf 88' lang='lat' dir='ltr'>adeo,</span> <span class='ocrx_word' id='word_1_314' title='bbox 1107 2029 1138 2073; x_wconf 89' lang='lat' dir='ltr'>ut</span> 
     </span>
     <span class='ocr_line' id='line_1_52' title="bbox 631 2086 912 2155; baseline 0 -19"><span class='ocrx_word' id='word_1_315' title='bbox 631 2086 694 2138; x_wconf 84' lang='lat' dir='ltr'>lueis</span> <span class='ocrx_word' id='word_1_316' title='bbox 706 2103 783 2138; x_wconf 87' lang='lat' dir='ltr'>usum</span> <span class='ocrx_word' id='word_1_317' title='bbox 795 2090 912 2155; x_wconf 82' lang='lat' dir='ltr'>eriperet.</span> 
     </span>
    </p>

    <p class='ocr_par' dir='ltr' id='par_1_6' title="bbox 665 2155 1174 2224">
     <span class='ocr_line' id='line_1_53' title="bbox 665 2155 1174 2224; baseline 0.01 -20"><span class='ocrx_word' id='word_1_318' title='bbox 665 2155 830 2221; x_wconf 72' lang='lat' dir='ltr'>desertaeque</span> <span class='ocrx_word' id='word_1_319' title='bbox 841 2155 994 2224; x_wconf 59' lang='lat' dir='ltr'>discipliuae.</span> <span class='ocrx_word' id='word_1_320' title='bbox 1019 2157 1045 2208; x_wconf 88' lang='lat' dir='ltr'>S.</span> <span class='ocrx_word' id='word_1_321' title='bbox 1058 2165 1134 2209; x_wconf 89' lang='lat' dir='ltr'>unten</span> <span class='ocrx_word' id='word_1_322' title='bbox 1172 2177 1174 2188; x_wconf 92' lang='lat'><em>·</em></span> 
     </span>
    </p>
   </div>
   <div class='ocr_carea' id='block_1_6' title="bbox 614 2222 745 2285">
    <p class='ocr_par' dir='ltr' id='par_1_7' title="bbox 614 2222 745 2285">
     <span class='ocr_line' id='line_1_54' title="bbox 614 2222 745 2285; baseline 0 -15"><span class='ocrx_word' id='word_1_323' title='bbox 614 2237 654 2270; x_wconf 59' lang='lat' dir='ltr'>xc.</span> <span class='ocrx_word' id='word_1_324' title='bbox 668 2223 691 2285; x_wconf 83' lang='lat'>5,</span> <span class='ocrx_word' id='word_1_325' title='bbox 707 2222 745 2272; x_wconf 92' lang='grc'>11.</span> 
     </span>
    </p>
   </div>
   <div class='ocr_carea' id='block_1_7' title="bbox 627 2289 1136 3906">
    <p class='ocr_par' dir='ltr' id='par_1_8' title="bbox 630 2289 1136 2544">
     <span class='ocr_line' id='line_1_55' title="bbox 664 2289 1134 2358; baseline 0.006 -18"><span class='ocrx_word' id='word_1_326' title='bbox 664 2289 802 2358; x_wconf 84' lang='lat' dir='ltr'>Diodotus,</span> <span class='ocrx_word' id='word_1_327' title='bbox 815 2290 925 2355; x_wconf 71' lang='lat' dir='ltr'>swiker,</span> <span class='ocrx_word' id='word_1_328' title='bbox 938 2292 1006 2342; x_wconf 86' lang='lat' dir='ltr'>lehte</span> <span class='ocrx_word' id='word_1_329' title='bbox 1019 2294 1134 2343; x_wconf 87' lang='lat' dir='ltr'>mehrere</span> 
     </span>
     <span class='ocr_line' id='line_1_56' title="bbox 631 2357 1136 2424; baseline 0.004 -18"><span class='ocrx_word' id='word_1_330' title='bbox 631 2357 707 2408; x_wconf 71' lang='lat' dir='ltr'>lehre</span> <span class='ocrx_word' id='word_1_331' title='bbox 725 2359 757 2406; x_wconf 90' lang='lat' dir='ltr'>im</span> <span class='ocrx_word' id='word_1_332' title='bbox 769 2357 852 2408; x_wconf 85' lang='lat' dir='ltr'>Hause</span> <span class='ocrx_word' id='word_1_333' title='bbox 870 2359 915 2407; x_wconf 88' lang='lat' dir='ltr'>des</span> <span class='ocrx_word' id='word_1_334' title='bbox 928 2358 1028 2424; x_wconf 81' lang='lat' dir='ltr'>Cicero,</span> <span class='ocrx_word' id='word_1_335' title='bbox 1045 2361 1136 2410; x_wconf 77' lang='lat' dir='ltr'>den-er</span> 
     </span>
     <span class='ocr_line' id='line_1_57' title="bbox 630 2425 1134 2476; baseline 0 -2"><span class='ocrx_word' id='word_1_336' title='bbox 630 2427 692 2474; x_wconf 87' lang='lat' dir='ltr'>auch</span> <span class='ocrx_word' id='word_1_337' title='bbox 706 2440 761 2474; x_wconf 86' lang='lat' dir='ltr'>zum</span> <span class='ocrx_word' id='word_1_338' title='bbox 774 2425 858 2474; x_wconf 86' lang='lat' dir='ltr'>Erben</span> <span class='ocrx_word' id='word_1_339' title='bbox 876 2426 958 2475; x_wconf 88' lang='lat' dir='ltr'>salnes</span> <span class='ocrx_word' id='word_1_340' title='bbox 976 2428 1045 2476; x_wconf 87' lang='lat' dir='ltr'>nicht</span> <span class='ocrx_word' id='word_1_341' title='bbox 1055 2426 1134 2476; x_wconf 86' lang='lat' dir='ltr'>unbe-</span> 
     </span>
     <span class='ocr_line' id='line_1_58' title="bbox 631 2492 1083 2544; baseline 0.002 -3"><span class='ocrx_word' id='word_1_342' title='bbox 631 2493 770 2542; x_wconf 88' lang='lat' dir='ltr'>dentenden</span> <span class='ocrx_word' id='word_1_343' title='bbox 783 2492 936 2544; x_wconf 87' lang='lat' dir='ltr'>Naehlasses</span> <span class='ocrx_word' id='word_1_344' title='bbox 949 2493 1083 2543; x_wconf 87' lang='lat' dir='ltr'>ainsetzte.</span> 
     </span>
    </p>

    <p class='ocr_par' dir='ltr' id='par_1_9' title="bbox 629 2558 1135 3166">
     <span class='ocr_line' id='line_1_59' title="bbox 664 2558 1133 2624; baseline 0 -16"><span class='ocrx_word' id='word_1_345' title='bbox 664 2560 738 2609; x_wconf 83' lang='lat' dir='ltr'>Philo</span> <span class='ocrx_word' id='word_1_346' title='bbox 758 2575 803 2608; x_wconf 92' lang='lat' dir='ltr'>aus</span> <span class='ocrx_word' id='word_1_347' title='bbox 820 2558 935 2621; x_wconf 82' lang='lat' dir='ltr'>Larissa,</span> <span class='ocrx_word' id='word_1_348' title='bbox 956 2559 1133 2624; x_wconf 83' lang='lat' dir='ltr'>Akademiker‚</span> 
     </span>
     <span class='ocr_line' id='line_1_60' title="bbox 630 2625 1133 2688; baseline 0 -14"><span class='ocrx_word' id='word_1_349' title='bbox 630 2626 748 2674; x_wconf 88' lang='lat' dir='ltr'>lliiehtete</span> <span class='ocrx_word' id='word_1_350' title='bbox 761 2626 793 2673; x_wconf 91' lang='lat' dir='ltr'>im</span> <span class='ocrx_word' id='word_1_351' title='bbox 803 2625 1019 2674; x_wconf 87' lang='lat' dir='ltr'>Mithridatisehan</span> <span class='ocrx_word' id='word_1_352' title='bbox 1031 2625 1133 2688; x_wconf 80' lang='lat' dir='ltr'>liriege,</span> 
     </span>
     <span class='ocr_line' id='line_1_61' title="bbox 630 2690 1134 2755; baseline 0.002 -15"><span class='ocrx_word' id='word_1_353' title='bbox 630 2691 692 2754; x_wconf 89' lang='grc'>666,</span> <span class='ocrx_word' id='word_1_354' title='bbox 710 2707 755 2740; x_wconf 90' lang='lat' dir='ltr'>aus</span> <span class='ocrx_word' id='word_1_355' title='bbox 767 2690 850 2741; x_wconf 77' lang='lat' dir='ltr'>Athen</span> <span class='ocrx_word' id='word_1_356' title='bbox 868 2693 929 2740; x_wconf 88' lang='lat' dir='ltr'>nach</span> <span class='ocrx_word' id='word_1_357' title='bbox 948 2690 1021 2755; x_wconf 83' lang='lat' dir='ltr'>Rom,</span> <span class='ocrx_word' id='word_1_358' title='bbox 1039 2707 1078 2740; x_wconf 86' lang='lat' dir='ltr'>wo</span> <span class='ocrx_word' id='word_1_359' title='bbox 1092 2691 1134 2741; x_wconf 88' lang='lat' dir='ltr'>Ci-</span> 
     </span>
     <span class='ocr_line' id='line_1_62' title="bbox 630 2757 1134 2824; baseline -0.002 -15"><span class='ocrx_word' id='word_1_360' title='bbox 630 2775 703 2822; x_wconf 89' lang='lat' dir='ltr'>cero,</span> <span class='ocrx_word' id='word_1_361' title='bbox 721 2758 768 2807; x_wconf 87' lang='lat' dir='ltr'>wie</span> <span class='ocrx_word' id='word_1_362' title='bbox 786 2774 815 2807; x_wconf 90' lang='lat' dir='ltr'>er</span> <span class='ocrx_word' id='word_1_363' title='bbox 836 2758 916 2808; x_wconf 88' lang='lat' dir='ltr'>selhst</span> <span class='ocrx_word' id='word_1_364' title='bbox 933 2759 1001 2808; x_wconf 87' lang='lat' dir='ltr'>Brut.</span> <span class='ocrx_word' id='word_1_365' title='bbox 1019 2757 1062 2824; x_wconf 86' lang='lat'>89,</span> <span class='ocrx_word' id='word_1_366' title='bbox 1085 2757 1134 2808; x_wconf 86' lang='grc'>306</span> 
     </span>
     <span class='ocr_line' id='line_1_63' title="bbox 631 2825 1134 2890; baseline 0.002 -14"><span class='ocrx_word' id='word_1_367' title='bbox 631 2834 699 2890; x_wconf 76' lang='lat' dir='ltr'>sagt,</span> <span class='ocrx_word' id='word_1_368' title='bbox 721 2829 804 2876; x_wconf 82' lang='lat' dir='ltr'>totum</span> <span class='ocrx_word' id='word_1_369' title='bbox 820 2843 850 2876; x_wconf 84' lang='lat' dir='ltr'>se</span> <span class='ocrx_word' id='word_1_370' title='bbox 865 2830 889 2876; x_wconf 85' lang='lat' dir='ltr'>ei</span> <span class='ocrx_word' id='word_1_371' title='bbox 904 2825 1018 2877; x_wconf 74' lang='lat' dir='ltr'>tradidit.</span> <span class='ocrx_word' id='word_1_372' title='bbox 1047 2827 1084 2877; x_wconf 86' lang='lat' dir='ltr'>Er</span> <span class='ocrx_word' id='word_1_373' title='bbox 1100 2828 1134 2877; x_wconf 93' lang='lat' dir='ltr'>ist</span> 
     </span>
     <span class='ocr_line' id='line_1_64' title="bbox 630 2893 1134 2946; baseline 0.004 -2"><span class='ocrx_word' id='word_1_374' title='bbox 630 2896 676 2944; x_wconf 89' lang='lat' dir='ltr'>der</span> <span class='ocrx_word' id='word_1_375' title='bbox 696 2894 775 2943; x_wconf 79' lang='lat' dir='ltr'>letata</span> <span class='ocrx_word' id='word_1_376' title='bbox 792 2893 916 2944; x_wconf 83' lang='lat' dir='ltr'>namhalte</span> <span class='ocrx_word' id='word_1_377' title='bbox 932 2893 1069 2946; x_wconf 84' lang='lat' dir='ltr'>Vertreter</span> <span class='ocrx_word' id='word_1_378' title='bbox 1088 2897 1134 2946; x_wconf 89' lang='lat' dir='ltr'>der</span> 
     </span>
     <span class='ocr_line' id='line_1_65' title="bbox 629 2961 1135 3028; baseline 0.002 -14"><span class='ocrx_word' id='word_1_379' title='bbox 629 2961 828 3014; x_wconf 78' lang='lat' dir='ltr'>Akademisc‘nen</span> <span class='ocrx_word' id='word_1_380' title='bbox 841 2961 1007 3028; x_wconf 85' lang='lat' dir='ltr'>Philosophia.</span> <span class='ocrx_word' id='word_1_381' title='bbox 1029 2964 1135 3015; x_wconf 84' lang='lat' dir='ltr'>Philone</span> 
     </span>
     <span class='ocr_line' id='line_1_66' title="bbox 629 3031 1133 3098; baseline 0.006 -17"><span class='ocrx_word' id='word_1_382' title='bbox 629 3033 684 3081; x_wconf 76' lang='lat' dir='ltr'>aduc</span> <span class='ocrx_word' id='word_1_383' title='bbox 708 3034 880 3098; x_wconf 77' lang='lat' dir='ltr'>patrocinium</span> <span class='ocrx_word' id='word_1_384' title='bbox 902 3031 1057 3082; x_wconf 78' lang='lat' dir='ltr'>Academiae</span> <span class='ocrx_word' id='word_1_385' title='bbox 1082 3049 1133 3084; x_wconf 83' lang='lat' dir='ltr'>non</span> 
     </span>
     <span class='ocr_line' id='line_1_67' title="bbox 630 3098 1075 3166; baseline 0 -17"><span class='ocrx_word' id='word_1_386' title='bbox 630 3098 721 3164; x_wconf 72' lang='lat' dir='ltr'>defuit,</span> <span class='ocrx_word' id='word_1_387' title='bbox 736 3098 850 3162; x_wconf 71' lang='lat' dir='ltr'>sogtCic.</span> <span class='ocrx_word' id='word_1_388' title='bbox 861 3099 942 3166; x_wconf 70' lang='lat' dir='ltr'>dead.</span> <span class='ocrx_word' id='word_1_389' title='bbox 955 3098 982 3164; x_wconf 90' lang='lat' dir='ltr'>ll,</span> <span class='ocrx_word' id='word_1_390' title='bbox 998 3101 1020 3165; x_wconf 92' lang='grc'>6,</span> <span class='ocrx_word' id='word_1_391' title='bbox 1036 3100 1075 3149; x_wconf 81' lang='grc'>17.</span> 
     </span>
    </p>

    <p class='ocr_par' dir='ltr' id='par_1_10' title="bbox 627 3167 1134 3836">
     <span class='ocr_line' id='line_1_68' title="bbox 663 3167 1134 3229; baseline 0.002 -13"><span class='ocrx_word' id='word_1_392' title='bbox 663 3168 820 3228; x_wconf 77' lang='lat' dir='ltr'>Antiochus,</span> <span class='ocrx_word' id='word_1_393' title='bbox 848 3183 893 3216; x_wconf 85' lang='lat' dir='ltr'>aus</span> <span class='ocrx_word' id='word_1_394' title='bbox 917 3167 1039 3229; x_wconf 86' lang='lat' dir='ltr'>Ascalon,</span> <span class='ocrx_word' id='word_1_395' title='bbox 1063 3182 1134 3217; x_wconf 78' lang='lat' dir='ltr'>atvar</span> 
     </span>
     <span class='ocr_line' id='line_1_69' title="bbox 630 3233 1133 3298; baseline -0.002 -15"><span class='ocrx_word' id='word_1_396' title='bbox 630 3233 736 3284; x_wconf 85' lang='lat' dir='ltr'>Schiiler</span> <span class='ocrx_word' id='word_1_397' title='bbox 752 3234 796 3284; x_wconf 86' lang='lat' dir='ltr'>des</span> <span class='ocrx_word' id='word_1_398' title='bbox 815 3233 899 3298; x_wconf 88' lang='lat' dir='ltr'>Philo,</span> <span class='ocrx_word' id='word_1_399' title='bbox 917 3236 978 3284; x_wconf 82' lang='lat' dir='ltr'>aber</span> <span class='ocrx_word' id='word_1_400' title='bbox 993 3235 1062 3284; x_wconf 89' lang='lat' dir='ltr'>nicht</span> <span class='ocrx_word' id='word_1_401' title='bbox 1079 3235 1133 3283; x_wconf 86' lang='lat' dir='ltr'>sain</span> 
     </span>
     <span class='ocr_line' id='line_1_70' title="bbox 629 3301 1132 3364; baseline -0.012 -12"><span class='ocrx_word' id='word_1_402' title='bbox 629 3301 789 3364; x_wconf 76' lang='lat' dir='ltr'>Nnchlolger.</span> <span class='ocrx_word' id='word_1_403' title='bbox 817 3303 887 3351; x_wconf 89' lang='lat' dir='ltr'>Dann</span> <span class='ocrx_word' id='word_1_404' title='bbox 908 3317 936 3351; x_wconf 91' lang='lat' dir='ltr'>er</span> <span class='ocrx_word' id='word_1_405' title='bbox 956 3301 1063 3349; x_wconf 88' lang='lat' dir='ltr'>varliess</span> <span class='ocrx_word' id='word_1_406' title='bbox 1085 3301 1132 3348; x_wconf 87' lang='lat' dir='ltr'>den</span> 
     </span>
     <span class='ocr_line' id='line_1_71' title="bbox 629 3366 1132 3431; baseline -0.01 -12"><span class='ocrx_word' id='word_1_407' title='bbox 629 3368 1014 3431; x_wconf 78' lang='lat' dir='ltr'>AhademiachenSlrepticismus</span> <span class='ocrx_word' id='word_1_408' title='bbox 1023 3367 1073 3415; x_wconf 87' lang='lat' dir='ltr'>und</span> <span class='ocrx_word' id='word_1_409' title='bbox 1083 3366 1132 3414; x_wconf 92' lang='lat' dir='ltr'>hil·</span> 
     </span>
     <span class='ocr_line' id='line_1_72' title="bbox 629 3431 1132 3496; baseline -0.01 -9"><span class='ocrx_word' id='word_1_410' title='bbox 629 3437 686 3487; x_wconf 87' lang='lat' dir='ltr'>dete</span> <span class='ocrx_word' id='word_1_411' title='bbox 699 3437 752 3486; x_wconf 86' lang='lat' dir='ltr'>sich</span> <span class='ocrx_word' id='word_1_412' title='bbox 765 3437 804 3486; x_wconf 87' lang='lat' dir='ltr'>ein</span> <span class='ocrx_word' id='word_1_413' title='bbox 818 3434 999 3496; x_wconf 85' lang='lat' dir='ltr'>ellektisches,</span> <span class='ocrx_word' id='word_1_414' title='bbox 1014 3447 1060 3481; x_wconf 90' lang='lat' dir='ltr'>ans</span> <span class='ocrx_word' id='word_1_415' title='bbox 1073 3431 1132 3482; x_wconf 86' lang='lat' dir='ltr'>Pla-</span> 
     </span>
     <span class='ocr_line' id='line_1_73' title="bbox 629 3500 1132 3567; baseline -0.008 -13"><span class='ocrx_word' id='word_1_416' title='bbox 629 3505 765 3567; x_wconf 86' lang='lat' dir='ltr'>tonisehen,</span> <span class='ocrx_word' id='word_1_417' title='bbox 778 3501 988 3552; x_wconf 84' lang='lat' dir='ltr'>Aristotelischen</span> <span class='ocrx_word' id='word_1_418' title='bbox 999 3501 1050 3549; x_wconf 89' lang='lat' dir='ltr'>und</span> <span class='ocrx_word' id='word_1_419' title='bbox 1063 3500 1132 3550; x_wconf 90' lang='lat' dir='ltr'>Stoi-</span> 
     </span>
     <span class='ocr_line' id='line_1_74' title="bbox 629 3567 1133 3631; baseline -0.006 -9"><span class='ocrx_word' id='word_1_420' title='bbox 629 3573 705 3622; x_wconf 87' lang='lat' dir='ltr'>sehsn</span> <span class='ocrx_word' id='word_1_421' title='bbox 721 3571 820 3620; x_wconf 87' lang='lat' dir='ltr'>Lehren</span> <span class='ocrx_word' id='word_1_422' title='bbox 839 3567 988 3631; x_wconf 74' lang='lat' dir='ltr'>gemisehtas</span> <span class='ocrx_word' id='word_1_423' title='bbox 1010 3568 1133 3631; x_wconf 78' lang='lat' dir='ltr'>dogmati-</span> 
     </span>
     <span class='ocr_line' id='line_1_75' title="bbox 629 3633 1130 3702; baseline -0.004 -14"><span class='ocrx_word' id='word_1_424' title='bbox 629 3641 701 3688; x_wconf 90' lang='lat' dir='ltr'>sches</span> <span class='ocrx_word' id='word_1_425' title='bbox 723 3637 832 3702; x_wconf 81' lang='lat' dir='ltr'>system.</span> <span class='ocrx_word' id='word_1_426' title='bbox 860 3635 918 3697; x_wconf 83' lang='lat' dir='ltr'>Vgl.</span> <span class='ocrx_word' id='word_1_427' title='bbox 940 3634 1017 3685; x_wconf 88' lang='lat' dir='ltr'>Acad.</span> <span class='ocrx_word' id='word_1_428' title='bbox 1033 3634 1067 3702; x_wconf 91' lang='lat' dir='ltr'>ll,</span> <span class='ocrx_word' id='word_1_429' title='bbox 1090 3633 1130 3701; x_wconf 79' lang='lat'>22,</span> 
     </span>
     <span class='ocr_line' id='line_1_76' title="bbox 629 3701 1132 3765; baseline 0 -11"><span class='ocrx_word' id='word_1_430' title='bbox 629 3706 697 3754; x_wconf 82' lang='lat'>6911.</span> <span class='ocrx_word' id='word_1_431' title='bbox 711 3704 764 3753; x_wconf 90' lang='lat' dir='ltr'>hes.</span> <span class='ocrx_word' id='word_1_432' title='bbox 778 3703 878 3765; x_wconf 79' lang='lat' dir='ltr'>Madvig</span> <span class='ocrx_word' id='word_1_433' title='bbox 894 3701 969 3754; x_wconf 89' lang='lat' dir='ltr'>Vorr.</span> <span class='ocrx_word' id='word_1_434' title='bbox 988 3720 1021 3752; x_wconf 89' lang='lat' dir='ltr'>zu</span> <span class='ocrx_word' id='word_1_435' title='bbox 1038 3703 1088 3755; x_wconf 88' lang='lat' dir='ltr'>Cic.</span> <span class='ocrx_word' id='word_1_436' title='bbox 1101 3705 1132 3754; x_wconf 92' lang='lat' dir='ltr'>de</span> 
     </span>
     <span class='ocr_line' id='line_1_77' title="bbox 627 3770 820 3836; baseline -0.016 -13"><span class='ocrx_word' id='word_1_437' title='bbox 627 3773 699 3823; x_wconf 84' lang='lat' dir='ltr'>Finn.</span> <span class='ocrx_word' id='word_1_438' title='bbox 712 3787 736 3836; x_wconf 90' lang='lat' dir='ltr'>p.</span> <span class='ocrx_word' id='word_1_439' title='bbox 750 3770 780 3819; x_wconf 91' lang='grc'>61</span> <span class='ocrx_word' id='word_1_440' title='bbox 795 3771 820 3820; x_wconf 82' lang='lat' dir='ltr'>ff.</span> 
     </span>
    </p>

    <p class='ocr_par' dir='ltr' id='par_1_11' title="bbox 662 3837 1131 3906">
     <span class='ocr_line' id='line_1_78' title="bbox 662 3837 1131 3906; baseline -0.002 -17"><span class='ocrx_word' id='word_1_441' title='bbox 662 3837 816 3905; x_wconf 78' lang='lat' dir='ltr'>Posidonius</span> <span class='ocrx_word' id='word_1_442' title='bbox 829 3853 874 3890; x_wconf 86' lang='lat' dir='ltr'>aus</span> <span class='ocrx_word' id='word_1_443' title='bbox 883 3838 992 3906; x_wconf 77' lang='lat' dir='ltr'>Apamea</span> <span class='ocrx_word' id='word_1_444' title='bbox 1004 3840 1029 3890; x_wconf 93' lang='lat' dir='ltr'>in</span> <span class='ocrx_word' id='word_1_445' title='bbox 1039 3839 1131 3906; x_wconf 82' lang='lat' dir='ltr'>Syrien</span> 
     </span>
    </p>
   </div>
   <div class='ocr_carea' id='block_1_8' title="bbox 0 0 1328 4334">
    <p class='ocr_par' dir='ltr' id='par_1_12' title="bbox 0 0 1328 4334">
     <span class='ocr_line' id='line_1_79' title="bbox 0 0 1328 4334; baseline 0 2"><span class='ocrx_word' id='word_1_446' title='bbox 0 0 1328 4334; x_wconf 95' lang='lat' dir='ltr'> </span> 
     </span>
    </p>
   </div>
  </div>
 </body>
</html>
