2622 4326
192 241 253 300 με
535 233 577 282 nit
595 227 731 282 darunt
749 213 888 278 DEORUM

191 391 226 452 iis
245 389 394 449 lamudam
414 394 457 446 est
476 402 527 444 eos
546 382 653 461 aliquid
674 397 758 459 agere
776 380 863 460 idque
881 380 1071 458 praeclarum.
1103 378 1187 440 Nihil
1209 389 1258 441 εει

190 481 285 536 autem
301 470 475 550 praeclarius
494 468 595 528 mundi
616 465 880 528 administratione:
900 465 1023 526 deorum
1042 465 1133 542 igitur
1148 465 1256 530 consi-

187 557 227 616 lio
253 555 480 616 administratur.
511 552 596 624 Quod
618 551 742 612 sialiter
761 549 1105 629 est‚,aliquidprolecto
1127 567 1255 610 neeesse

188 649 235 702 est
259 657 326 702 esse
350 636 452 698 melius
478 642 508 696 et
532 635 643 698 maiore
663 635 692 694 vi
710 634 874 716 praeditum
895 635 1089 714 quamdam,
1117 635 1206 712 quale
1224 635 1255 695 id

191 743 315 806 cumque
329 730 389 793 est,
408 720 467 780 sire
482 721 610 782 inanima
624 727 728 782 natura
743 719 803 780 sive
816 719 988 792 necessitas,
1007 719 1036 779 vi
1050 736 1160 797 magna
1175 718 1253 780 inci-

134 816 166 866 77
188 819 247 872 tata
271 811 340 870 haec
358 805 553 884 pulcherrima
572 823 662 885 opera
682 805 824 877 efficiens,
848 821 922 882 quae
940 804 1085 864 videmus
1116 803 1187 864 Non
1208 813 1254 865 εει

186 895 274 973 igitur
297 898 398 951 natura
420 889 542 950 deorum
562 897 737 968 praepotens
756 906 851 968 neque
871 888 1026 960 excellens,
1048 888 1199 966 siquidem
1220 909 1252 950 ea

187 977 315 1040 subiecta
334 983 378 1035 εει
398 974 423 1034 ei
442 974 487 1034 vel
506 973 670 1034 necessitati
693 975 737 1034 vel
756 982 890 1046 naturae,
916 991 972 1052 qua
991 974 1118 1046 caelum,
1143 981 1249 1045 terrae,

186 1061 275 1124 maria
296 1066 440 1137 regantur.
471 1057 547 1118 Nihil
567 1066 612 1119 est
631 1066 728 1119 autem
742 1057 937 1138 praestantius
954 1057 1019 1118 deo.
1049 1057 1095 1116 nh
1110 1076 1146 1118 eo
1162 1058 1251 1136 igitur

186 1163 306 1208 necesse
325 1152 368 1204 est
389 1144 533 1204 mundum
554 1143 623 1222 regi.
653 1143 729 1203 Nulli
745 1152 790 1204 εει
803 1142 891 1221 igitur
904 1150 1026 1204 naturae
1042 1141 1185 1204 obediens
1201 1151 1251 1204 aut

187 1230 334 1292 subiectus
361 1229 444 1289 deus.
475 1227 602 1290 Omnem
626 1245 696 1304 ergo
722 1227 798 1305 regit
822 1227 1053 1305 ipsesnaturam.
1083 1227 1203 1288 Etenim
1224 1228 1248 1288 si

187 1313 373 1377 concedimus
389 1311 580 1390 intelligentes
596 1330 660 1372 esse
676 1313 761 1384 deos,
781 1311 967 1372 concedimus
984 1310 1071 1371 etiam
1087 1313 1246 1390 providen-

186 1409 239 1472 tes,
260 1406 288 1458 et
307 1415 404 1458 rerum
425 1396 542 1475 quidem
561 1397 763 1458 maximarum.
794 1397 871 1474 Ergo
887 1403 985 1456 utrum
1001 1395 1153 1473 ignorant,
1173 1416 1248 1476 quae

187 1503 234 1546 res
254 1483 400 1544 maximae
419 1483 492 1554 sint,
513 1499 629 1560 quoque
648 1482 703 1541 hae
723 1480 813 1540 modo
829 1481 993 1540 tractandae
1008 1488 1036 1540 et
1050 1482 1190 1554 tuendae,
1210 1501 1246 1541 an

186 1570 244 1630 vim
259 1585 319 1627 non
334 1566 449 1638 habent,
465 1584 521 1644 qua
536 1574 630 1626 tantas
645 1583 692 1626 res
708 1564 872 1626 sustineant
882 1573 909 1626 et
922 1561 1045 1643 gerant?
1068 1565 1106 1624 Αι
1120 1574 1151 1626 ει
1161 1566 1244 1645 igno-

186 1653 258 1715 ratio
285 1669 382 1711 rerum
405 1651 496 1711 aliena
515 1658 636 1712 naturae
656 1650 778 1710 deorum
799 1657 856 1722 εει,
881 1657 909 1709 ει
927 1649 1093 1710 sustinendi
1115 1652 1243 1711 muneris

100 1726 104 1738 ’
185 1744 307 1818 propter
332 1734 556 1796 imbecillitatem
583 1734 736 1795 diiiicultas
762 1734 883 1794 minime
910 1734 985 1794 cadit
1009 1734 1039 1794 in
1062 1734 1243 1796 maiestatem

187 1823 318 1883 deorum.
348 1820 392 1880 Ex
405 1838 464 1898 quo
479 1819 603 1880 allicitur
614 1820 652 1892 id,
668 1819 747 1898 quod
761 1819 907 1891 volumus,
923 1818 1046 1879 deorum
1061 1820 1244 1897 providentia

127 1904 167 1968 tt
187 1905 330 1966 mundum
346 1904 550 1964 administrari.
574 1903 660 1982 Atqui
674 1921 793 1964 necesse
804 1911 857 1976 est,
872 1921 962 1980 quum
979 1903 1037 1963 sint
1048 1903 1099 1977 dii,
1116 1904 1142 1964 si
1154 1905 1242 1966 modo

106 2057 111 2062 ¹
132 1999 164 2050 78
186 1997 268 2058 sunt,
297 1996 330 2048 ut
343 1990 477 2066 prolecto
498 1995 581 2060 sunt,
601 1988 763 2048 animantes
782 2007 860 2061 esse,
879 2005 935 2048 nec
954 1988 1051 2048 solum
1071 1989 1242 2063 animantes,

186 2075 236 2136 sed
252 2073 338 2133 etiarn
353 2071 475 2132 rationis
492 2079 645 2149 compotes
660 2072 738 2132 inter
753 2090 841 2151 seque
857 2071 941 2152 quasi
956 2071 1029 2132 civili
1040 2073 1242 2134 conciliatione

186 2169 214 2221 et
234 2157 372 2218 societate
391 2156 579 2226 coniunctos,
602 2173 696 2216 unum
711 2157 854 2217 mundum
872 2165 903 2217 ut
917 2173 1106 2218 communem
1122 2176 1241 2238 rempu-

88 2314 90 2322 J
132 2251 164 2302 79
185 2244 290 2304 blicam
308 2240 393 2319 atqtie
413 2239 514 2300 urbem
535 2239 660 2317 aliquam
680 2247 822 2318 regentes.
854 2242 1005 2319 Sequitur,
1031 2249 1065 2302 ut
1084 2243 1188 2303 eadem
1208 2241 1242 2303 sit

183 2329 212 2389 in
234 2327 269 2388 iis
289 2343 364 2405 quae
383 2325 513 2384 humano
528 2322 558 2382 in
574 2341 678 2400 genere
693 2325 781 2396 ratio,
801 2326 899 2386 eadem
915 2325 1019 2386 veritas
1034 2327 1193 2408 utrobique
1207 2327 1241 2387 sit

184 2414 342 2491 eademque
362 2410 421 2470 lex:
442 2427 515 2487 quae
534 2415 578 2468 est
597 2409 670 2469 recti
689 2411 855 2488 praeceptio
874 2410 1011 2490 pravique
1026 2411 1173 2490 depulsio.
1200 2413 1240 2472 Ex

183 2517 242 2578 quo
262 2493 430 2572 intelligitur
448 2492 634 2572 prudentiam
655 2511 771 2572 quoque
791 2503 820 2556 et
833 2503 993 2556 mentema
1012 2495 1068 2555 diis
1089 2496 1125 2557 ad
1145 2498 1240 2557 homi-

182 2599 236 2642 nes
257 2578 439 2658 pervenisse3
460 2576 498 2638 ob
519 2596 642 2660 eamque
664 2597 796 2640 caussam
818 2579 964 2640 maiorum
984 2579 1126 2641 institutis
1146 2599 1238 2654 mens,

183 2781 290 2831 Namens
302 2783 383 2834 worth
396 2798 494 2847 waren,
511 2783 550 2833 als
562 2797 619 2832 vom
632 2781 684 2831 De·
739 2781 764 2832 S.
779 2797 811 2831 an
823 2781 900 2845 0:62,
916 2783 971 2832 154.

181 2849 286 2907 mokrit,
308 2851 398 2899 dassen
421 2850 513 2901 Go'tter
533 2851 594 2900 doch
617 2849 685 2898 nicht
774 2850 814 2899 tu.
839 2849 927 2900 codam
942 2854 1064 2901 -raie'o
1098 2851 1239 2902 Natiirlielr:

182 2931 245 2981 ganz
258 2918 320 2964 ohne
332 2917 495 2980 Einwirlruug
507 2917 553 2968 aui
562 2919 602 2966 die
612 2916 685 2966 Men·
738 2918 797 2967 weil
809 2919 853 2966 das
867 2917 1026 2984 (legentheil,
1039 2920 1063 2968 d.
1076 2919 1100 2969 lt.
1115 2921 1174 2970 eine
1186 2935 1240 2986 spe-

183 2986 257 3035 sclren
269 2997 363 3032 waren.
382 2984 408 3033 S.
422 2985 461 3033 ob.
475 2984 493 3046 l,
506 2984 547 3046 43,
563 2984 619 3033 120.
739 2984 840 3036 cifisclre
863 2985 1089 3037 Versclriedenheit
1117 2989 1240 3038 zwisalten

215 3053 473 3115 cimagnat'ncitato.
498 3050 560 3099 Eine
572 3051 611 3100 als
628 3067 684 3101 ur·
738 3052 874 3113 gdttliclrer
898 3054 949 3102 nnd
973 3053 1156 3104 menschliolrer
1179 3056 1240 3106 Ver·

181 3118 364 3236 ¹qpriindqlipih
378 3125 496 3235 {esaatatoh
503 3116 684 3233 ilothwgndig-
739 3118 972 3234 nungtdundenlrbor
989 3121 1035 3200 ist,
1053 3136 1080 3171 so
1117 3137 1175 3171 ross
1187 3138 1239 3201 man

146 3297 148 3304 ι
181 3193 272 3304 εξέιιέεε
287 3199 387 3303 gangit
404 3199 685 3314 inoxirkffleitegqe
737 3195 1063 3319 :ploiehgnfflgpauven
1100 3191 1240 3260 nwrschwd

135 3351 140 3360 ι
181 3318 683 3384 sotztwiirde‚wtireeintherspruoh.
772 3321 909 3388 cadentque
925 3324 975 3373 leat.
1006 3323 1064 3387 Vgl.
1083 3325 1114 3372 de
1131 3324 1209 3388 Legg.
1222 3324 1239 3387 l,

180 3389 216 3439 Es
229 3390 263 3438 ist
274 3390 329 3439 also
341 3390 368 3439 ui
378 3403 476 3454 magam
487 3387 555 3436 nicht
567 3401 599 3434 zu
608 3385 683 3436 iiber·
738 3387 762 3450 6,
778 3389 820 3438 18:
839 3389 896 3440 Lem
908 3395 949 3441 est
960 3394 1026 3441 ratio
1039 3407 1150 3456 marma,
1163 3395 1241 3443 insito

181 3463 267 3506 setzen
288 3457 404 3520 „durch
425 3457 495 3505 eine
514 3455 683 3517 gewaltige
736 3459 762 3505 ia
774 3461 881 3521 natura,
898 3475 962 3522 quae
978 3461 1048 3509 iubet
1065 3475 1106 3524 eo,
1124 3463 1239 3526 qrmesa·

181 3521 302 3586 liral't“,
322 3524 430 3576 sondern
448 3523 519 3586 „mit
534 3521 682 3584 lgewalti-
736 3524 906 3589 mandasset,
922 3527 1088 3592 prohibetque
1102 3532 1237 3578 corruant.

180 3607 234 3655 ger
255 3590 377 3656 liraft“‚
398 3593 448 3641 und
465 3589 612 3641 incitatam
630 3605 683 3639 me·
736 3591 769 3640 ib.
783 3586 810 3655 7,
824 3590 868 3639 23:
890 3597 956 3644 sister
973 3610 1036 3659 quoe
1056 3600 1145 3645 autern
1166 3600 1238 3658 ratio,

180 3660 273 3722 disier,
291 3659 359 3708 nicht
371 3660 395 3708 in
409 3659 525 3724 passiver
537 3657 683 3720 Bedeutnng
735 3659 804 3707 tiator
816 3673 860 3708 eos
872 3663 948 3710 edam
960 3666 1031 3712 recta
1046 3666 1113 3714 ratio
1128 3677 1240 3714 commu-

181 3743 212 3776 zu
225 3729 337 3776 nahmen.
736 3726 777 3774 aas
796 3729 848 3774 est:
870 3743 1031 3794 quaequam
1052 3732 1088 3779 sit
1107 3729 1163 3793 iera,
1186 3732 1239 3797 lege

215 3794 255 3842 tt.
273 3793 381 3842 Etena'an.
406 3793 432 3842 S.
445 3809 476 3842 zu
489 3809 510 3842 o.
525 3790 556 3840 16
569 3792 601 3840 iu.
736 3795 971 3854 quoquecoaciliatt'
986 3798 1102 3847 tornines
1117 3813 1177 3849 cum
1188 3799 1240 3848 deis

215 3849 267 3911 81.
277 3858 391 3908 maner
398 3875 475 3924 seque
483 3887 516 3896 -
526 3861 680 3908 coniunctos.
734 3858 846 3920 putandi
856 3877 954 3912 erimus.
