2612 4328
456 279 568 332 ntem.
595 279 664 332 CAP.
678 281 719 332 at.
732 283 774 334 25.
786 309 800 322 κ

1081 287 1143 350 223

82 433 248 508 Cleanthes,
258 431 565 520 deindeChrysippus‚=
572 434 840 496 commenticiarum
852 435 1013 498 fabularum
1024 439 1145 500 reddere

81 518 245 590 rationem,
261 517 481 589 vocabulorum,
497 536 549 577 cur
564 517 670 596 quique
681 518 719 578 ita
730 519 865 597 appellati
877 520 944 592 siut,
962 521 1080 582 caussas
1091 541 1143 582 ex-

81 601 200 681 plicare.
236 601 322 673 Quod
348 619 438 678 quum
463 601 570 674 facitis,
594 601 664 664 illud
689 603 820 680 prolecto
842 605 1036 678 confitemini,
1055 605 1143 684 longe

82 686 167 746 aliter
186 705 217 746 se
237 703 299 745 rem
319 685 426 745 habere
445 693 530 763 atque
551 685 705 746 hominurn
725 686 825 764 opinio
842 685 893 759 sit3
914 707 966 748 eos
981 688 1073 762 enim,
1093 690 1143 769 qui

81 769 122 829 dii
143 769 338 847 appellantur,
357 767 461 829 rerum
477 777 595 830 naturas
616 789 695 842 esse,
715 787 776 829 non
795 771 903 848 figuras
922 773 1055 832 deorum.
1086 774 1202 845 Quies

80 861 183 914 tantus
204 872 287 914 error
307 853 373 926 luit,
393 861 426 912 ut
444 853 618 931 perniciosis
639 854 724 914 etiam
745 855 833 915 rebus
848 873 911 915 nou
925 856 1016 916 modo
1031 873 1142 918 nomen

81 938 208 998 deorum
235 937 423 1009 tribueretur,
455 937 617 998 sedetiam
641 957 722 999 saera
746 939 1001 1000 constituerentur.
1040 940 1141 1002 Febris

81 1023 163 1082 enim
188 1021 287 1082 lanum
313 1021 344 1081 in
364 1021 472 1082 Palatio
497 1029 525 1080 et
546 1020 682 1082 Orbonae
707 1024 743 1084 ad
768 1023 868 1084 aedem
888 1024 995 1084 barum
1015 1032 1043 1085 et
1062 1043 1142 1084 eram

79 1106 171 1168 Malae
195 1105 342 1165 Fortunae
361 1105 498 1182 Esquiliis
525 1113 721 1167 consecratam
748 1107 890 1167 videmus.
926 1107 1030 1168 Omnis
1054 1107 1142 1185 igitur
1162 1115 1195 1164 64
1243 1139 1245 1146 ·

80 1189 147 1252 talis
163 1209 178 1248 a
193 1189 381 1268 philosophia
396 1189 519 1268 pellatur
533 1209 629 1263 error,
645 1198 684 1264 ut,
700 1208 790 1268 quum
807 1192 842 1250 de
858 1191 912 1251 diis
927 1192 1141 1253 immortalibus

81 1275 280 1352 disputemus,
301 1274 433 1334 dicamus
452 1274 540 1350 digna
560 1275 615 1334 diis
631 1273 857 1348 immortalibus,
877 1275 912 1335 de
928 1275 1034 1352 quibus
1049 1276 1148 1336 habeo·

81 1359 147 1436 lpse
163 1358 249 1435 quod
258 1357 390 1429 sentiam,
407 1375 469 1417 non
484 1358 577 1417 habeo
590 1367 686 1418 autem
699 1358 778 1436 quod
789 1359 841 1418 tibi
853 1359 1003 1419 assentiar.
1029 1358 1141 1437 Neptu-

80 1461 154 1502 num
176 1461 241 1502 esse
257 1442 327 1501 dicis
343 1442 473 1501 animum
490 1461 555 1502 curn
571 1442 755 1518 intelligentie
770 1461 823 1520 per
837 1461 918 1502 mare
933 1444 1141 1520 pertinentem3

80 1527 160 1588 idem
177 1527 213 1586 de
227 1525 339 1586 Cerere.
368 1525 457 1588 istem
474 1533 570 1585 autern
586 1525 799 1603 intelligentiam
816 1534 865 1586 aut
879 1526 968 1586 maris
985 1534 1035 1586 aut
1049 1536 1141 1587 terrae

79 1629 143 1671 non
170 1611 260 1670 modo
289 1610 535 1689 comprehendere
561 1609 674 1678 animo,
701 1610 753 1669 sed
778 1627 816 1668 ne
836 1610 1004 1688 suspicione
1024 1611 1140 1686 quidem

80 1714 206 1774 possum
234 1694 380 1772 attingere.
415 1695 513 1772 ltaque
537 1693 651 1756 aliunde
668 1693 740 1753 mihi
760 1694 959 1771 quaerendum
979 1701 1036 1765 est,
1062 1701 1141 1774 utet

80 1799 147 1840 esse
162 1779 234 1839 deos
250 1786 277 1838 et
292 1780 389 1856 quales
406 1779 464 1838 siut
485 1778 524 1837 dii
546 1778 656 1838 discere
671 1778 798 1856 possim,
819 1796 905 1857 quam
927 1779 1025 1856 quales
1040 1786 1071 1837 tu
1087 1796 1139 1838 eos

80 1883 148 1924 esse
163 1863 215 1922 vis.
242 1863 396 1922 Videamus
412 1882 452 1934 ea,
468 1881 541 1940 quae
558 1869 731 1940 sequuntur:
748 1862 876 1940 primum
892 1861 1054 1921 deorumne
1067 1881 1139 1940 pro·
1160 1867 1192 1917 65

80 1947 207 2008 videntia
233 1947 362 2006 mundus
388 1954 516 2024 regatur,
542 1946 645 2006 deinde
671 1947 862 2007 consulantne
886 1946 973 2005 rebus
993 1946 1139 2006 humanis.

80 2032 160 2092 Haec
174 2032 253 2092 euim
268 2031 340 2090 mibi
355 2050 390 2090 ex
404 2038 452 2090 tua
468 2031 622 2108 partitione
638 2038 747 2090 restant
761 2031 829 2090 duo.
860 2030 900 2090 [le
916 2029 1031 2108 quibus,
1047 2029 1072 2088 si
1088 2033 1140 2089 vb-

81 2116 128 2176 bis
144 2117 266 2188 videtur,
282 2115 443 2176 accuratius
460 2115 662 2176 disserendum
678 2123 760 2194 puto.
790 2114 859 2175 Mihi
875 2133 953 2187 vero,
969 2113 1064 2192 iuquit
1076 2113 1140 2174 Vel-

79 2198 168 2273 leius,
190 2200 270 2260 valde
289 2200 414 2275 videtur3
433 2218 501 2261 nam
521 2208 550 2261 et
569 2199 678 2260 maiora
699 2208 835 2279 exspecto
857 2198 959 2272 ethis,
979 2217 1052 2277 quae
1066 2198 1141 2260 dicta

80 2292 160 2357 sunt,
175 2285 362 2345 vehementer
377 2285 531 2346 assentior.
562 2284 638 2345 'lum
650 2283 969 2363 Balbus‚luterpellare
984 2292 1021 2355 te,
1036 2283 1140 2361 inquit,

113 2534 156 2584 63.
180 2534 286 2600 figuras
310 2534 434 2584 deorum:
452 2504 584 2596 ⁴gb'ttlicbe

78 2602 221 2661 Perseum,
241 2599 385 2663 Gestalteu,
407 2601 430 2648 in
448 2601 526 2648 denen
544 2599 583 2648 die

79 2669 174 2720 Gb'tter
187 2668 266 2718 leiben
280 2669 328 2716 und
343 2667 422 2716 leben.

114 2743 169 2803 25.
189 2754 334 2816 quitantur
351 2751 504 2814 errorsue't.
538 2749 583 2799 Die

77 2820 229 2880 Verirruog,
243 2817 468 2880 uutiirlicbelliuge
480 2833 512 2865 zu
523 2832 583 2866 ver-

77 2891 193 2951 go'ttern,
215 2885 273 2947 giug
290 2885 386 2934 soweit.
400 2912 435 2921 -
455 2884 506 2932 Der
518 2883 583 2933 Ver-

77 2958 216 3018 g'o'tterung
237 2953 282 3000 der
301 2951 392 3002 Febris
412 2951 521 3014 gedenkt
542 2950 583 3000 Ci-

77 3037 139 3071 cero
158 3018 340 3082 missbilligend
356 3020 418 3069 eueb
431 3020 463 3068 de
473 3019 551 3081 chg.
564 3017 583 3080 1,

80 3089 125 3150 11,
139 3087 185 3150 28,
199 3103 238 3137 wo
251 3087 367 3136 indessen
381 3103 429 3136 nur
440 3087 480 3136 eiu
493 3086 584 3136 Alter

76 3162 190 3219 genennt
217 3154 292 3203 wird:
326 3156 419 3204 ebcuso
448 3156 494 3203 der
516 3153 585 3204 mulo

76 3223 205 3275 Fortuna.
242 3222 286 3272 Die
306 3222 407 3272 Orborra
424 3229 501 3272 neunt
518 3221 583 3270 Ter-

76 3292 179 3342 tullian.
192 3290 223 3338 ed
236 3297 286 3339 unt.
300 3289 333 3355 11,
349 3290 378 3339 15
392 3291 448 3339 eine
462 3289 582 3354 Gottbelt,

77 3375 143 3425 quac
161 3361 186 3406 ira
209 3359 343 3407 orbitatem
363 3360 461 3406 serrriaa
481 3361 583 3406 eaesb'rr-

75 3430 153 3493 gual.
189 3424 257 3473 Doch
281 3425 359 3474 beben
384 3425 423 3474 die
445 3424 582 3474 Hendscbr.

78 3497 137 3544 dort
152 3492 260 3543 Orbana.
394 3492 399 3501 “

114 3561 155 3610 64.
174 3558 321 3626 Neptunum
334 3558 397 3608 dicis
410 3560 524 3608 aetrnum
537 3563 582 3608 ete.

80 3629 140 3679 Dies
154 3628 252 3676 bezielrt
265 3627 315 3676 sich
328 3624 373 3674 uui
382 3623 414 3687 11,
428 3623 473 3687 28,
487 3626 532 3688 il,
545 3641 582 3673 wo

80 3713 150 3746 zwur
161 3695 202 3745 die
215 3693 307 3744 Worte
321 3700 400 3742 etwas
413 3693 516 3755 anders,
538 3694 584 3740 der

81 3765 141 3814 Sina
161 3763 223 3812 uber
239 3760 355 3811 derselbc
369 3760 410 3808 ist.
422 3787 457 3796 -
473 3759 522 3808 Das
536 3757 583 3807 lol-

81 3831 159 3894 gende
173 3830 241 3880 idem
253 3828 284 3878 de
297 3827 389 3878 Cerere
407 3826 440 3875 ist
451 3826 495 3875 mit
507 3826 583 3874 lliicb-

81 3900 145 3962 tiger
156 3896 243 3949 liiirze
256 3901 352 3958 gesagt‚
366 3893 405 3942 dle
418 3893 470 3942 sich
483 3909 530 3942 nur
539 3909 584 3942 an·

638 2535 763 2582 zudeuteu
775 2532 891 2596 beguiigt,
905 2546 957 2580 was
969 2532 1015 2580 der
1025 2532 1141 2584 ver-statne

638 2600 695 2678 ‘¹55⁰
712 2598 793 2648 Leser
813 2598 893 2648 selbst
909 2597 1140 2661 vervollstiiudigeu

637 2666 774 2784 Wlbdiuude
789 2759 823 2768 —-
845 2746 920 2796 prtum
940 2731 1026 2796 quales
1048 2736 1076 2782 tu
1097 2747 1140 2781 eos

638 2818 693 2852 esse
704 2803 748 2850 ets.
767 2799 800 2849 So
814 2799 868 2848 siud
880 2799 920 2846 die
933 2798 1025 2848 Worte
1037 2816 1068 2848 zu
1080 2815 1140 2848 ver·

637 2868 734 2916 bindeu.
767 2866 819 2916 Der
836 2865 954 2916 Geduuke
971 2866 1058 2915 wiirde
1074 2867 1140 2916 voll-

639 2935 739 2997 stdndlg
755 2935 806 2983 und
819 2934 961 2996 regelrecbt
972 2935 1142 2996 ausgedriiclrt
1211 2977 1224 2992 ,

637 3010 703 3052 etwu
717 3015 745 3051 so
758 3001 855 3051 lauten:
868 3001 970 3052 ob’uade
982 3017 1057 3065 quam
1067 3018 1101 3052 ea:
1111 3018 1141 3052 ea

637 3071 872 3136 disputatumque
884 3074 920 3132 tu,
933 3069 1018 3134 quales
1031 3085 1074 3120 eos
1084 3087 1142 3120 esse
1199 3073 1203 3082 “

637 3139 725 3202 uelles,
745 3140 896 3204 reposuisti.
929 3137 997 3186 bber
1014 3139 1053 3187 die
1068 3139 1142 3187 naeh-

636 3206 760 3269 ldssigerc
773 3205 940 3267 Verkiirzuug
960 3206 994 3254 ist
1014 3206 1067 3254 dem
1086 3203 1140 3252 Tou

638 3274 683 3324 der
714 3274 874 3337 alltdglicherr
909 3269 1138 3333 Umgaugsspracbe

638 3358 701 3404 geor.
713 3356 885 3405 ocgemesseu.

672 3426 713 3475 65.
735 3425 762 3474 ln
779 3426 824 3473 der
844 3435 949 3483 grosscn
972 3433 1019 3466 uun
1041 3417 1139 3479 folgen-

637 3495 685 3542 den
708 3492 793 3540 Liicke
821 3490 855 3536 ist
882 3487 927 3534 der
954 3499 1034 3546 ganne
1063 3484 1139 3534 dritte

638 3560 722 3620 Tuan,
743 3558 782 3605 die
796 3553 1077 3615 duseimmdersetzung
1094 3553 1140 3600 der

638 3620 765 3676 Eiuwiirl'e
782 3636 861 3684 gegeu
879 3621 918 3669 die
936 3619 1056 3682 gdttlielre
1073 3618 1139 3669 Vor-

638 3694 744 3751 seburg,
765 3689 815 3737 und
831 3689 869 3737 ein
884 3687 961 3737 Stiick
973 3688 1018 3736 des
1032 3688 1138 3748 vierten,

638 3772 717 3821 gegen
735 3757 775 3805 die
792 3757 931 3805 besonderc
949 3755 1077 3819 Fiirsorge
1095 3757 1140 3804 der

639 3824 731 3876 Gdtter
748 3824 791 3873 l'dr
806 3824 846 3874 die
857 3823 1005 3887 Mopselum,
1021 3824 1138 3874 veriores

639 3906 774 3955 gestingen.
