2622 4326
458 213 549 266 nram
577 213 647 268 cur.
661 215 702 268 aa.
715 216 756 268 as.
769 217 811 268 ac.
1124 222 1163 286 83

100 363 162 429 ital
187 368 263 442 'Quia
277 385 332 430 nec
351 369 386 430 ad
407 368 534 448 speciem
553 388 610 430 nee
628 371 665 432 ad
684 381 774 432 usum
793 371 881 434 alium
901 375 1031 455 quinque
1050 374 1165 448 deside-

99 460 175 514 rant.
212 453 295 538 Tuus
323 463 419 516 autem
441 455 512 515 deus
533 455 703 534 non'digito
724 475 784 517 uno
804 458 961 534 redundat,
987 460 1038 520 sed
1059 459 1163 538 capite,

99 538 185 612 collo,
198 539 521 613 cervicibus,lateribuS,
533 541 605 613 alvo,
620 548 713 620 tergo,
728 542 899 621 poplitibus,
915 544 1062 616 manibus
1078 543 1163 623 pedi-

97 623 170 698 buS,
191 625 364 698 feminibus,
391 624 534 686 cruribus.
570 623 602 685 Si
623 633 655 686 ut
674 626 850 688 immortalis
871 628 921 701 sit,
947 629 1016 707 quid
1035 629 1108 690 haec
1128 629 1165 690 ad

95 709 186 770 vitam
198 710 330 771 membra
341 708 511 790 pertinent?
532 710 599 790 quid
612 709 676 790 ipsa
689 709 800 772 facies?
826 713 918 790 Magis
929 712 985 785 illa,
1001 711 1162 787 cerebrum,

97 813 160 868 cor,
171 795 337 874 pulmones,
352 796 440 856 iecur.
471 795 549 856 Haec
564 795 643 857 enim
659 805 728 858 sunt
740 797 887 858 domicilia
903 797 991 871 vitae3
1018 797 1078 857 oris
1094 797 1161 875 qui-

87 879 168 940 dem
183 879 298 942 habitus
314 880 349 940 ad
364 880 437 941 ritae
452 880 618 942 firmitatem
639 881 712 942 nihil
726 881 861 961 pertinet.
893 882 930 962 fit
949 900 1000 942 eos
1015 882 1161 960 vitupera·
1179 881 1220 944 36

94 963 168 1038 has,
190 965 240 1044 qui
260 965 446 1045 exoperibus
468 966 630 1044 magnificis
651 976 738 1047 atquo
758 965 932 1046 praeclaris,
953 985 1043 1046 quum
1063 967 1162 1045 ipsum
1184 975 1232 1026 tuo

94 1049 257 1120 mundum,
279 1069 369 1130 quum
384 1051 448 1112 eius
464 1052 608 1126 membra,
629 1052 752 1126 caelum,
768 1061 877 1124 terras,
894 1051 999 1125 maria,
1016 1069 1177 1132 quumque*
1204 1093 1212 1132 „-

94 1134 206 1194 horum
218 1135 351 1215 insignia,
366 1137 468 1210 solem,
483 1137 581 1198 lunam
595 1137 749 1217 stellasque
761 1137 911 1211 vidissent,
926 1155 1075 1218 quumque
1087 1144 1163 1197 tem-

94 1237 204 1298 porum
229 1221 423 1294 maturitates,
448 1221 625 1282 mutationes
646 1223 922 1302 vicissitudinesque
945 1219 1162 1301 cognovissent,
1192 1243 1200 1274 τ

95 1302 237 1382 suspicati
253 1314 353 1366 essent
372 1306 499 1384 aliquam
518 1307 704 1368 excellentem
719 1326 787 1367 esse
806 1313 1061 1386 praestantemque
1075 1313 1163 1366 natu·

92 1406 175 1460 ram,
202 1406 275 1465 quae
300 1390 373 1448 haec
396 1390 527 1462 lecisset,
551 1399 696 1462 moveret,
723 1399 852 1470 regeret,
879 1392 1062 1469 gubernaret.
1105 1390 1163 1463 Qui

93 1471 213 1532 etiamsi
233 1471 369 1532 aberrant
388 1472 566 1547 coniectura,
588 1473 671 1535 video
687 1482 802 1548 tamen,
824 1475 893 1554 quid
914 1483 1083 1555 sequantur.
1118 1475 1164 1534 Tu

93 1555 178 1635 quod
195 1574 272 1634 opus
289 1556 405 1616 tandem
425 1573 566 1632 magnum
582 1566 609 1617 et
629 1559 779 1635 egregium
800 1560 905 1631 habes,
926 1561 1005 1638 quod
1027 1561 1164 1619 ellectum

94 1639 193 1701 diviua
214 1649 313 1701 mente
334 1640 480 1713 videatur,
499 1659 532 1700 ex
549 1659 607 1720 quo
623 1660 689 1700 esse
710 1642 781 1702 deos
804 1641 976 1720 suspicere?
1005 1640 1177 1714 Habebam,-

94 1725 207 1803 inquis,
218 1725 248 1785 iu
264 1725 363 1786 animo
378 1724 497 1807 insitam
509 1724 747 1786 informationem
761 1727 906 1804 quandam
923 1727 978 1786 dei.
1004 1727 1041 1785 Et
1051 1724 1165 1785 barbati

96 1809 217 1888 quidem
237 1810 329 1882 lovis,
350 1809 475 1886 galeatae
493 1809 651 1870 Minervae:
673 1828 745 1870 num
765 1810 854 1890 igitur
874 1829 939 1870 esse
960 1810 1034 1870 tales
1055 1806 1163 1888 putas?

27 1925 30 1931 ·
96 1895 216 1966 Quanto
232 1894 338 1954 melius
352 1893 424 1954 haec
438 1887 540 1973 vulgirs
551 1895 767 1974 imperitorum,
783 1895 833 1974 qui
849 1913 910 1956 non
924 1895 1054 1955 membra
1066 1893 1162 1954 solum
1185 1902 1230 1952 101

94 1978 227 2040 hominis
242 1979 297 2039 deo
312 1979 459 2053 tribuunt,
476 1980 631 2041 seclusum
647 1979 735 2041 etiam
752 1980 965 2041 membrorum.
995 1979 1071 2040 Dant
1085 1978 1164 2039 enim

94 2082 207 2136 arcum,
224 2064 353 2143 sagittas,
367 2063 491 2138 hastam,
508 2065 650 2145 clypeum,
666 2065 823 2137 fuscinam,
840 2065 959 2138 fulmen,
974 2072 1002 2126 et
1018 2064 1052 2138 si,
1072 2063 1163 2124 actio-

92 2167 150 2209 nes
171 2167 243 2227 quae
263 2149 322 2209 sint
342 2148 466 2210 deorum
490 2167 552 2210 non
572 2150 684 2223 vident,
709 2149 787 2229 nihil,
804 2158 939 2228 agentem
959 2156 1056 2210 tamen
1077 2148 1164 2220 deum

93 2251 159 2294 non
171 2241 280 2312 queunt
291 2233 427 2312 cogitare.
448 2234 517 2314 lpsi,
529 2235 578 2314 qui
591 2235 759 2317 irridentur,
771 2235 907 2316 Aegyptii
917 2234 1025 2295 nullam
1038 2234 1164 2295 belluam

94 2317 210 2379 nisi'oh
226 2317 352 2398 aliquam
368 2319 528 2392 utilitatem,
546 2338 632 2398 quam
647 2340 683 2381 ex
695 2340 727 2381 ea
741 2328 888 2400 caperent,
905 2324 1166 2389 consecraverunt3'

96 2520 125 2554 es
148 2504 202 2554 sein
223 2504 325 2554 sollten.
353 2504 407 2554 Der
427 2503 510 2555 aaut.
533 2506 601 2556 nicht

95 2569 599 2636 desVergleichungsgegenstandes,sou-

95 2641 159 2690 dern
181 2641 226 2689 des
248 2637 359 2700 Messes,
383 2638 494 2687 wie-col
512 2639 600 2690 multia

112 2709 216 2766 ortibus
228 2708 312 2756 motor
323 2720 400 2770 quom
417 2709 488 2754 tarra
500 2703 540 2768 (ll,
559 2705 600 2769 36,

90 2725 158 2839 22),
181 2771 262 2824 Secedi
279 2787 470 2838 nonarumquoem
489 2787 540 2823 uuo
560 2773 601 2824 die

93 2843 240 2908 longiorem
254 2856 369 2892 tuentem
377 2841 488 2906 fecittot
502 2844 550 2890 aut
563 2842 602 2891 oa·-

94 2910 155 2962 duo.
177 2907 397 2973 Verr.ll,52‚129.
411 2907 599 2970 uatesque:

93 2993 187 3030 versus
198 2975 360 3044 consyllaba
371 2979 475 3027 bretton
487 2980 536 3025 out
545 2975 601 3025 lon-

91 3050 163 3113 gior.
175 3073 204 3082 -—
230 3046 294 3095 Dass
304 3045 382 3096 aliurn
392 3045 460 3094 nicht
470 3044 601 3094 mitorum

94 3131 129 3164 zu
140 3113 291 3177 verticum,
308 3113 417 3164 sondern
434 3124 484 3161 von
501 3110 601 3162 deride-

94 3185 158 3234 rant
168 3181 303 3244 attingi&
319 3181 369 3231 und
386 3179 497 3245 da'ga'tum
514 3180 601 3230 hinzu-

94 3249 229 3300 zndenltcn
250 3249 299 3314 sei,
325 3249 432 3298 braucht
457 3247 531 3297 laum
557 3262 599 3297 er-

33 3325 37 3332 “
93 3319 181 3368 innert
193 3333 226 3366 zu
237 3317 348 3367 werden.

130 3375 185 3438 att.
216 3385 272 3434 roo.
301 3383 336 3434 m
358 3400 402 3434 aaa
426 3385 600 3450 temperatas.

95 3453 167 3504 oben
185 3468 206 3502 e.
228 3451 274 3515 20,
296 3451 329 3500 53
346 3467 383 3516 sq.
402 3479 436 3488 —
465 3451 500 3501 Et
513 3449 555 3500 liir
576 3456 603 3502 et

94 3527 183 3572 umen
203 3520 265 3569 oder
280 3519 328 3568 wie
351 3517 408 3569 εἶτα
428 3519 460 3569 im
478 3518 534 3584 Ge,
556 3520 601 3570 mit

94 3591 152 3641 dem
171 3587 304 3639 Ausdruck
319 3586 462 3649 unwilliger
477 3586 602 3638 Verwun-

95 3659 201 3720 deneng.
225 3653 289 3705 Plril.
302 3653 320 3704 l.
334 3653 363 3718 8,
378 3653 421 3702 ta:
441 3653 522 3716 Quadi
537 3655 599 3721 lege,

95 3739 161 3792 quae
175 3722 342 3792 proamalgata
358 3726 400 3771 eat
415 3721 446 3771 de
464 3721 601 3774 tarnode-

95 3795 176 3858 mado,
184 3807 269 3842 arcuna
278 3805 366 3841 omues
374 3789 522 3840 indideram
531 3789 601 3853 leger

97 3859 220 3912 Caesam
231 3858 422 3911 dissoluantur?
441 3857 476 3908 Et
485 3873 531 3909 vor
543 3859 602 3906 acta

656 2506 775 2556 Caecatus
793 2504 944 2570 deffendila'a,
963 2505 1007 2568 qui
1022 2501 1091 2564 legar
1108 2503 1163 2550 eim
1208 2534 1213 2538 -

655 2574 791 2622 mortim?
811 2571 885 2621 Melar
897 2569 977 2631 dergl.
990 2581 1011 2618 s.
1024 2566 1064 2616 bei
1077 2566 1163 2616 llorat.

655 2638 794 2689 Tursellin.
807 2639 838 2686 de
848 2636 937 2702 partic.
950 2651 975 2700 p.
985 2633 1035 2684 286
1045 2633 1163 2683 Schwara

654 2723 679 2756 u.
693 2705 774 2756 Hand.
789 2703 865 2753 Turs.
877 2702 899 2753 ll
912 2719 935 2767 p.
949 2701 1007 2751 492.
1079 2765 1081 2770 Ι

690 2774 816 2822 adorram
833 2773 987 2821 coniectare.
1011 2767 1070 2832 Vgl.
1088 2767 1163 2820 Verr.

654 2838 700 2902 lll,
718 2839 764 2901 67,
785 2838 847 2888 156:
865 2840 904 2888 laic
916 2838 1076 2888 tutamento*
1092 2840 1165 2888 errat

659 2906 846 2973 Timarchides,
869 2905 917 2956 sed
932 2910 1005 2956 errat
1024 2903 1164 2956 doauestr'ea

656 2979 808 3027 coniectura.
827 2975 859 3025 ad
876 2972 955 3024 Attio.
972 2972 1048 3038 XlV,
1068 2972 1117 3036 22,
1136 2973 1163 3022 l:

655 3059 746 3095 uereor
757 3059 789 3092 nc
801 3042 869 3092 uitat
879 3046 1026 3094 coniectura
1038 3043 1162 3092 moron.

655 3113 699 3162 Boi
720 3112 774 3162 darn
796 3114 920 3162 aberrare
944 3111 979 3161 ist
1002 3109 1125 3160 natiirlich
1147 3124 1164 3157 a

655 3195 721 3245 vero,
734 3196 751 3229 a
762 3181 898 3248 proposito
911 3180 973 3228 oder
983 3179 1062 3240 dargl.
1075 3177 1163 3224 hinzu-

655 3247 797 3298 zudenken.
816 3246 916 3298 Grober
925 3241 1108 3296 Missverstand
1119 3241 1163 3289 des

655 3315 804 3366 Ansdruclts
816 3317 860 3366 hat
871 3313 1024 3370 vernulusat,
1037 3305 1163 3356 diePrae-

654 3376 1163 3452 positionavorcoorienturahiuzuzusct-

656 3469 711 3515 zen,
725 3451 807 3501 wobei
820 3463 875 3498 man
890 3445 943 3494 sich
956 3444 1019 3491 deun
1033 3437 1163 3504 einbildet,

656 3523 803 3570 coniectura
827 3515 911 3563 latione
935 3509 998 3558 auch
1021 3505 1088 3556 wohl
1112 3505 1162 3556 die

656 3585 809 3650 gesucltte
846 3577 1016 3630 Walrrlreit
1051 3574 1163 3638 saltat,

656 3655 718 3702 oder
733 3651 782 3699 wie
800 3648 846 3698 der
863 3651 969 3696 noneste
987 3641 1165 3706 Vortlreidiger

656 3720 741 3770 dieser
752 3715 872 3778 Meiunog
885 3719 954 3776 saga,
965 3713 1031 3780 ficia
1049 3727 1097 3779 quo
1110 3716 1164 3762 tora-

655 3786 740 3837 da'mus
753 3785 817 3833 sein.

691 3852 747 3902 tul.
766 3853 797 3902 od
810 3851 923 3920 aliquam
935 3851 1080 3902 utilitatum
1101 3845 1164 3896 ilina

929 3935 963 3985 61
