2612 4328
188 253 247 314 160
537 245 581 294 un
599 243 737 295 namma
754 241 892 294 osonum

186 410 270 475 nent,
286 419 378 481 quum
394 399 478 478 quasi
494 399 622 477 quodam
637 396 752 458 vinculo
768 395 946 458 circumdato
962 393 1149 476 colligantur3
1169 397 1251 476 quod

186 488 254 549 lacit
268 505 301 547 ea
316 493 433 558 natura,
455 481 531 564 quae'
543 501 598 562 per
613 500 733 542 omnem
748 482 893 542 mundum
917 480 1016 541 omnia
1032 489 1132 541 mente
1151 489 1183 542 et
1202 501 1250 543 ra-

187 572 269 632 tione
287 569 446 631 conficiens
472 568 616 642 funditur,
637 574 665 626 et
685 567 722 628 ad
742 565 874 626 medium
892 565 970 644 rapit
988 573 1018 625 et
1037 566 1184 650 convertit
1199 586 1250 627 ex-

119 671 167 721 116
188 664 288 717 trema.
319 653 479 728 Quocirca,
500 653 526 712 si
544 652 674 713 mundus
695 651 836 728 globosus
856 658 901 710 est
921 650 959 710 ob
976 669 1099 730 eamque
1114 669 1250 712 caussam

188 758 291 802 omnes
312 738 374 799 eius
394 746 490 816 partes
511 737 641 816 undique
660 735 822 815 aequabiles
839 735 920 814 ipsae
939 753 993 814 per
1013 754 1044 795 se
1065 743 1155 814 atque
1175 736 1250 797 inter

138 815 149 825 ⁴
188 845 219 887 se
236 824 436 897 continentur,
456 822 624 900 contingere
639 820 717 881 idem
732 827 826 881 terrae
841 838 962 880 necesse
981 827 1039 892 est,
1055 827 1088 880 ut
1109 820 1248 881 omnibus

188 911 250 970 eius
270 908 454 988 partibus-in
474 907 605 968 medium
624 905 824 983 vergentibus,
845 905 889 982 (id
911 911 1009 965 autem
1030 905 1163 966 medium
1182 905 1248 964 inti-
1296 925 1297 934 2

188 1013 271 1055 mum
291 993 322 1052 in
342 993 466 1070 sphaera
486 993 568 1065 est,)-
584 989 656 1050 nihil
676 989 883 1068 interrumpat,
900 1008 959 1068 quo
974 987 1139 1050 labefactari
1154 991 1247 1070 possit

187 1087 266 1138 tanta
281 1075 429 1138 contentio
445 1075 592 1154 gravitatis
608 1083 636 1134 et
650 1074 825 1151 ponderum.
848 1073 1017 1152 Eademque
1032 1074 1147 1135 ratione
1159 1093 1245 1144 mare,

188 1181 280 1241 quum
306 1179 394 1239 supra
414 1167 522 1220 terram
542 1159 592 1231 sit,
619 1158 748 1218 medium
767 1165 864 1218 tamen
884 1166 978 1218 terrae
995 1157 1094 1218 locum
1110 1167 1246 1238 expetens

188 1245 379 1323 conglobatm
393 1244 523 1322 undique
538 1242 724 1323 aequabiliter
738 1261 832 1321 neque
847 1242 991 1304 redundat
1002 1261 1146 1322 umquam
1156 1261 1247 1323 neque

120 1340 167 1391 tlt
189 1328 354 1388 effunditur.
385 1327 458 1388 Huic
478 1335 575 1388 autem
594 1323 747 1387 continens
767 1347 816 1388 aer
836 1329 928 1388 fertur
941 1325 989 1386 ille
1004 1327 1123 1405 quidem
1139 1328 1247 1388 levitate

191 1412 338 1485 sublimis,
359 1412 409 1472 sed
429 1420 527 1472 tamen
546 1412 577 1472 in
597 1430 701 1472 onmes
722 1419 818 1490 partes
839 1430 870 1471 se
890 1403 1083 1490 ipse'iundit:
1106 1412 1205 1492 itaque
1222 1421 1248 1472 et

189 1497 261 1558 mari
277 1496 464 1558 continuatus
479 1505 508 1557 et
522 1497 638 1558 iunctus
654 1505 707 1570 est,
723 1505 751 1556 et
762 1505 865 1558 natura
877 1498 970 1557 fertur
981 1496 1016 1556 ad
1029 1497 1150 1572 caelum,
1166 1499 1246 1558 cuius
1296 1533 1297 1540 κ

189 1582 328 1644 tenuitate
344 1590 372 1642 et
384 1579 667 1661 calore'temperatus
678 1581 791 1642 vitalem
804 1590 833 1642 et
844 1581 1002 1641 salutarem
1013 1581 1151 1659 spiritum
1163 1601 1246 1662 prae-

189 1668 239 1728 bet
258 1666 465 1728 animantibus
496 1667 591 1740 Quem
612 1667 764 1744 complexa
783 1685 899 1726 summa
918 1684 986 1743 pars
1003 1665 1085 1740 caeli,
1107 1685 1183 1744 quae
1202 1687 1247 1728 ae-

189 1751 282 1812 theria
303 1751 422 1825 dicitur,
443 1759 473 1812 et
493 1770 580 1813 suum
598 1751 701 1811 retinet
716 1750 851 1818 ardorem
866 1757 982 1811 tenuem
997 1758 1028 1810 et
1041 1751 1121 1810 nulla
1137 1752 1248 1812 admix-

132 1840 173 1900 eo
190 1837 269 1897 tione
290 1844 473 1908 concretum,
500 1845 609 1896 etcum
625 1835 700 1896 aeris
720 1835 899 1895 extremitate
920 1835 1116 1914 coniungitur.
1148 1837 1182 1898 ln
1203 1857 1248 1897 ae·

190 1922 271 1982 there
297 1928 394 1981 autem
420 1929 501 1982 astra
522 1921 690 1993 volvuntm3
717 1938 789 1999 quae
809 1938 841 1980 se
861 1927 889 1979 et
908 1919 978 1980 nixu
998 1939 1053 1979 suo
1076 1921 1248 2000 conglobata

191 2005 349 2078 continent,
364 2013 393 2065 et
407 2006 502 2066 forma
515 2006 578 2084 ipsa
593 2006 744 2084 figuraque
756 2023 810 2065 sua
820 2014 971 2065 momenta
982 2013 1165 2066 sustentant:
1182 2014 1249 2066 sunt

191 2090 270 2150 enim
285 2089 424 2149 rotunda:
440 2090 546 2168 quibus
563 2089 677 2161 formis,
693 2096 726 2149 ut
737 2096 803 2148 ante
814 2089 922 2149 dixisse
933 2090 1043 2161 videor,
1059 2090 1184 2150 minime
1194 2109 1248 2150 no-

124 2185 171 2235 118
194 2171 251 2233 ceri
266 2180 372 2250 potest.
396 2173 471 2233 Sunt
482 2183 579 2234 autem
591 2175 688 2235 stellae
699 2181 803 2235 natura
811 2175 979 2254 llammeae3
995 2175 1134 2253 quocirca
1146 2183 1248 2248 terrae,

191 2257 296 2330 maris,
317 2275 457 2336 aquarum
476 2258 634 2337 vaporibus
651 2259 768 2319 aluntur
781 2259 831 2333 iis,
852 2259 901 2338 qui
915 2278 932 2320 a
947 2259 1009 2320 sole
1023 2278 1058 2319 ex
1073 2261 1153 2338 agris
1169 2268 1249 2339 tepe-

191 2342 273 2403 lectis
295 2350 322 2402 et
343 2360 377 2401 ex
398 2342 481 2421 aquis
507 2343 678 2416 excitantm3
699 2344 806 2424 quibus
827 2343 900 2404 altae
919 2351 1134 2422 renovataeque
1155 2346 1249 2406 stellae

190 2436 276 2506 atque
292 2426 390 2488 omnis
405 2429 505 2490 aether
518 2427 677 2490 refundunt
692 2429 792 2490 cadem
806 2413 965 2488 ethersum
976 2430 1099 2490 trahunt
1111 2430 1248 2501 indidem,

189 2512 262 2574 nibil
276 2520 308 2573 ut
324 2513 383 2572 lere
397 2513 521 2574 intereat
536 2521 585 2574 aut
597 2513 755 2575 admodum
767 2513 907 2591 paullum,
923 2514 1001 2592 quod
1014 2526 1165 2576 astrorum
1175 2514 1248 2592 ignis

190 2598 361 2660 etaetheris
377 2597 495 2660 llamma
516 2599 673 2688 consumit.
703 2599 823 2680 Exque
844 2605 1017 2659 eventumm
1036 2599 1134 2660 nostri
1149 2607 1249 2680 putant
1293 2639 1294 2650 2

224 2793 275 2851 45.
297 2801 352 2849 115.
374 2805 449 2866 quasi
462 2801 572 2868 quodam
587 2801 692 2851 mamete.
780 2791 832 2850 46.
851 2803 917 2851 mico
932 2816 980 2850 suo
998 2802 1160 2867 eoaeglobato.
1186 2801 1248 2851 Das-

189 2867 305 2916 Selcbem
320 2869 492 2930 umgebendcn
504 2869 588 2918 bando
602 2869 636 2918 ist
648 2869 694 2917 der
746 2868 829 2930 selbe,
845 2883 899 2918 was
916 2867 979 2917 eben
997 2885 1018 2918 c.
1032 2867 1079 2933 39,
1094 2869 1128 2918 98
1144 2871 1248 2920 vender

190 2933 287 2994 feurige
299 2934 395 2982 Aether
413 2951 445 2984 zu
456 2936 629 2998 vergleieben,
647 2936 694 2985 der
745 2935 825 2986 Erde:
841 2939 868 2986 a'n
883 2952 939 2986 ecce
954 2937 1060 2987 recubus
1077 2941 1135 2988 sacis
1150 2937 1248 3003 congio

190 3000 234 3047 das
248 2997 355 3047 Weltell
373 3000 442 3062 ringo
460 3002 567 3051 umfasst
579 3003 628 3052 und
642 2999 691 3052 alle
745 3005 812 3054 bata.

189 3063 277 3116 Tbeile
298 3066 430 3116 desselben
452 3069 627 3134 durebdringt,
647 3071 692 3119 das
781 3087 830 3122 aare
839 3075 968 3124 memerito
976 3076 1136 3134 sueterrtamt3
1152 3073 1189 3136 sie
1198 3072 1248 3122 bal-

189 3131 320 3196 lebendige
330 3133 379 3182 und
388 3134 510 3196 gdttlicbe
518 3135 617 3200 Prineip
629 3137 692 3199 (am'·
746 3145 789 3188 teu
807 3140 860 3189 sich
877 3139 910 3189 im
929 3137 1140 3204 Gleicbgewicbt,
1163 3141 1247 3202 iudom,

188 3217 263 3269 mane
277 3199 376 3252 ctdcue
394 3217 415 3250 c.
430 3201 475 3265 46,
497 3201 570 3266 118),
588 3203 633 3252 der
645 3204 693 3256 Ur-
745 3205 786 3255 bei
803 3207 848 3256 der
864 3204 1051 3271 hugelgestalt,
1074 3209 1119 3260 das
1138 3207 1248 3259 Gewicbt

188 3269 691 3389 ἓυέῐῑῑθαίὲῗζοίὲηὲῐνάΧὲἒῑῶἰοξὶοιὲὲεη
747 3273 920 3393 (raompntunp
939 3275 985 3325 der
997 3275 1069 3393 {⁵⁰⁰³
1081 3277 1154 3394 Shiroe
1166 3277 1248 3327 immcr
1290 3327 1291 3330 ,

604 3366 616 3375 -
663 3356 693 3390 er
744 3356 795 3390 von
837 3356 875 3392 em
932 3359 1063 3393 ranem
1235 3359 1248 3390 n

188 3375 425 3472 Centripetallralb,
447 3422 511 3473 quoe
531 3407 567 3457 ad
580 3406 693 3472 medium
746 3409 811 3459 wird
825 3358 1014 3473 (sostenetator).
1086 3359 1234 3410 amose

188 3477 258 3542 rapit
268 3479 295 3524 et
305 3476 432 3526 convertit
442 3479 567 3526 cetram.
779 3482 810 3528 et
824 3483 884 3528 oreta
899 3478 999 3529 debiam
1013 3478 1108 3530 rridcor.
1137 3479 1249 3532 Niimlicb

223 3541 281 3591 116,
292 3542 407 3593 rhodium
417 3545 536 3610 &fimum
546 3546 574 3593 in
583 3544 694 3611 sphaera
746 3561 767 3594 c.
782 3545 825 3609 18,
843 3545 884 3595 47.
912 3545 995 3597 Ueber
1011 3547 1098 3598 estlear
1113 3549 1167 3612 vgl.
1185 3564 1218 3596 zu
1232 3545 1249 3606 1,

189 3611 236 3656 eet.
257 3608 314 3671 Vgl.
327 3625 347 3659 e.
361 3610 400 3675 33,
414 3611 455 3661 84.
477 3612 580 3662 Sallust.
594 3613 625 3661 de
637 3612 691 3661 deis
746 3611 787 3678 21,
802 3613 842 3663 58.

189 3677 351 3754 etmupdo'c.
365 3677 379 3724 'l
393 3685 472 3729 exte:
495 3682 618 3750 σφαίρας
634 3673 692 3730 πά·
782 3679 838 3730 118.
855 3697 888 3730 ea
905 3683 993 3733 orelam
1010 3682 1125 3735 alteratur.
1154 3683 1213 3748 vgt.
1230 3699 1248 3732 e
1288 3731 1289 3740 ,

190 3750 240 3802 cqc
251 3756 283 3788 το
296 3757 369 3790 aare
381 3745 471 3810 μέσον
483 3745 567 3798 ἐστίν.
748 3746 787 3811 15,
800 3747 833 3796 40
845 3764 869 3797 u·
884 3699 925 3813 13,
939 3749 979 3800 83·

189 3806 286 3935 261&
300 3807 359 3856 huic
375 3815 506 3864 conbhcne
521 3831 573 3866 aar.
596 3815 654 3878 vsi.
668 3831 690 3865 e.
746 3815 925 3945 zu'g'gfflut
935 3817 1024 3869 cadom
1035 3817 1076 3869 fair
1088 3820 1200 3872 eosdem.
1225 3818 1249 3868 S.
