2612 4328
154 242 217 308 230
509 235 553 287 oa
570 232 708 287 nurum
725 231 863 284 osonum

154 393 287 476 polytum
307 389 447 469 perdidit,
468 405 558 468 quum
579 395 624 448 ter
643 385 763 464 optandi
783 385 949 464 aNeptuno
969 395 1052 465 patre
1067 388 1224 452 habuisset

102 495 134 543 tt
154 471 352 560 potestatem?
367 474 526 534 Poetarum
541 472 599 533 ista
615 479 698 532 sunt:
714 489 770 532 nos
785 477 884 532 autem
899 471 1072 552 philosophi
1087 493 1158 536 esse
1168 495 1222 536 vo-

154 564 267 632 lumus,
283 577 382 620 rerum
398 567 546 630 auctores,
561 574 623 616 non
638 555 827 628 tabidarum.
840 555 935 634 Atque
950 556 980 616 hi
995 564 1094 619 mmen
1109 559 1170 638 ipsi
1185 561 1223 622 dii

154 643 262 726 poetici
276 643 301 704 si
317 643 442 704 scissent
456 641 623 722 perniciosa
640 643 703 701 lore
719 639 766 700 illa
781 639 862 713 tntis,
876 657 1015 718 peccasse
1029 641 1059 703 in
1075 642 1220 706 beneficio

153 737 335 810 putarentur.
364 728 402 788 Et
421 727 447 788 si
461 745 563 788 verum
583 733 640 800 est,
661 726 740 804 quod
755 723 853 784 Aristo
869 723 959 786 Chius
980 726 1077 788 dicere
1096 729 1219 802 solebat,
1298 699 1299 793 i

154 832 261 876 nocere
275 812 458 874 audientibus
475 812 670 892 philosophos
686 809 731 883 iis,
747 809 795 888 qui
810 809 885 870 bene
897 809 973 870 diota
984 812 1059 872 male
1072 812 1219 892 interpre-

153 906 298 960 tarentur:
324 916 415 977 posse
441 897 520 958 enim
546 904 648 958 asotos
673 913 708 955 ex
727 893 882 973 Aristippi,
906 895 1027 956 acerbos
1053 917 1070 958 e
1091 897 1219 960 Zenonis

155 984 256 1046 schola
271 982 362 1056 exire3
377 1000 509 1062 prorem,
526 981 560 1054 si,
576 980 625 1060 qui
641 979 806 1051 audierunt,
822 978 919 1039 vitiosi
934 988 1035 1042 essent
1049 981 1217 1056 discessuri,

154 1069 234 1149 quod
248 1085 386 1146 perverse
400 1067 648 1145 pbilosophorum
660 1063 873 1144 disputationes
885 1064 1159 1144 interpretarentur,
1176 1075 1217 1128 ta-

156 1171 221 1216 cere
240 1158 402 1230 praestaret
421 1151 607 1229 pbilosophis
623 1168 710 1227 quam
730 1147 780 1218 iis,
800 1149 850 1227 qui
870 1167 903 1208 se
917 1149 1082 1222 audissent,
1101 1169 1217 1212 nocere.
1299 1217 1300 1240 χ

103 1247 135 1297 78
156 1236 218 1308 Sic,
240 1235 266 1295 si
285 1235 421 1296 homines
437 1235 581 1294 rationem
596 1234 676 1293 bono
693 1232 816 1293 consilio
832 1250 848 1293 a
863 1232 919 1292 diis
934 1234 1151 1296 immortalibus
1168 1236 1217 1298 da·
1299 1311 1300 1318 ἵ

154 1328 214 1380 tam
234 1319 265 1378 in
285 1319 415 1378 fraudem
436 1318 632 1396 malitiamque
650 1325 837 1392 convertunt,
862 1335 924 1378 non
947 1318 1009 1378 dari
1021 1318 1112 1380 -illam
1132 1339 1218 1399 quam

156 1402 218 1464 dari
232 1403 363 1462 humano
379 1402 478 1480 generi
493 1402 596 1463 melius
613 1401 675 1462 luit.
704 1401 749 1474 Ut,
765 1401 789 1461 si
804 1402 936 1463 medicus
952 1403 1023 1464 sciat
1035 1423 1104 1464 eum
1116 1423 1218 1482 aegro-

156 1496 227 1560 tum,
237 1486 287 1565 qui
296 1487 395 1547 iussus
406 1487 444 1548 sit
454 1487 554 1548 vinum
566 1505 691 1560 sumere,
701 1485 846 1548 meracius
861 1495 1050 1565 sumpturum
1061 1489 1219 1567 statimque

155 1571 330 1650 periturum,
345 1590 450 1649 magna
466 1572 504 1633 sit
518 1572 549 1632 in
565 1571 662 1649 culpa:
683 1571 725 1632 sic
738 1577 833 1632 vestra
847 1569 902 1632 ista
917 1571 1100 1650 providentia
1116 1592 1218 1652 repre

155 1655 322 1729 hendenda,
342 1674 416 1734 quae
431 1657 574 1718 rationem
590 1656 703 1738 dederit
716 1655 765 1727 iis,
787 1674 863 1734 quos
879 1655 976 1716 scierit
990 1676 1023 1718 ea
1037 1676 1177 1736 perverse
1192 1666 1219 1718 et

154 1740 290 1819 improbe
309 1759 427 1801 usuros.
458 1741 522 1801 Nisi
546 1741 622 1801 forte
642 1740 735 1802 dicitis
759 1759 822 1800 eam
843 1741 982 1802 nescisse.
1013 1742 1133 1803 Utinam
1153 1744 1218 1822 qui·

156 1824 237 1885 dem!
257 1825 325 1886 ‘Sed
341 1843 403 1886 non
418 1825 570 1886 audebitis.
600 1825 667 1885 Non
682 1825 760 1884 enim
775 1824 896 1902 ignoro,
912 1825 1012 1904 quanti
1028 1827 1092 1888 eius
1108 1846 1217 1888 numen
1300 1891 1301 1920 ,

96 1908 139 1971 82
155 1909 273 1989 putetis.
304 1909 362 1971 Sed
377 1910 425 1970 bic
435 1910 553 1989 quidem
567 1911 649 1970 locus
662 1909 796 1970 concludi
810 1909 867 1970 iam
880 1918 987 1989 potest.
1018 1911 1095 1974 Nam
1107 1913 1134 1972 si
1146 1914 1218 1974 stul·
1300 1933 1301 2004 ι

44 2035 47 2042 ,
103 2003 134 2053 79
154 1994 215 2056 titia
230 2013 380 2056 consensu
395 1996 527 2056 omnium
544 1994 789 2074 pbilosophorum
809 1995 904 2056 maius
920 2002 966 2056 est
984 1997 1109 2070 malum,
1129 2016 1218 2078 quam
1300 2027 1301 2040 ι

155 2078 180 2139 si
196 2079 296 2139 omnia
311 2080 385 2140 mala
401 2087 429 2140 et
445 2081 578 2142 fortunae
598 2087 626 2140 et
645 2079 779 2157 corporis
799 2098 834 2140 ex
854 2079 940 2139 altera
959 2090 1042 2157 parte
1061 2092 1219 2160 ponantur,

155 2162 329 2239 sapientiam
343 2171 440 2223 autem
454 2182 543 2223 nemo
559 2163 741 2242 assequitur:
756 2165 788 2224 in
804 2164 928 2224 summis
944 2165 1027 2226 malis
1042 2185 1149 2228 omnes
1165 2186 1218 2228 su-

154 2263 235 2317 mus,
255 2245 361 2323 quibus
381 2265 436 2306 vos
457 2247 568 2325 optime
588 2248 754 2308 consultum
770 2268 787 2308 a
802 2247 857 2308 diis
875 2249 1091 2320 immortalibus
1113 2251 1217 2313 dicitis.

154 2329 230 2389 Nam
247 2337 279 2389 ut
291 2328 364 2389 nihil
379 2329 507 2404 interest,
522 2338 621 2392 utrum
635 2349 724 2392 nemo
740 2333 834 2393 valeat
847 2351 884 2392 an
899 2351 986 2394 nemo
1001 2335 1100 2413 possit
1110 2336 1216 2398 valere:

78 2435 81 2442 ·
154 2412 197 2475 sic
211 2431 273 2474 non
288 2413 417 2493 intelligo
433 2415 503 2493 quid
517 2415 644 2488 intersit,
664 2425 764 2478 utrum
783 2435 871 2478 nemo
887 2418 925 2478 sit
941 2419 1057 2498 sapiens
1074 2439 1113 2506 au
1126 2437 1221 2482 nemo·

120 2589 122 2594 ’
188 2600 205 2633 a
217 2581 336 2651 Neptuno
344 2589 429 2652 patre.
452 2584 478 2635 S.
489 2601 521 2634 zu
531 2601 551 2634 c.
566 2584 604 2648 18,
615 2585 656 2636 45.
712 2586 737 2635 iu
747 2586 831 2635 dieser
839 2585 998 2637 euthaltenen
1006 2585 1144 2639 Gedanlieu
1154 2590 1216 2640 noel

153 2649 200 2700 Als
216 2650 342 2714 Theseus,
364 2653 498 2715 gestusout
519 2653 596 2702 durch
618 2653 657 2701 dia
712 2653 802 2704 einmal
819 2653 843 2702 in
860 2654 969 2702 anderen
980 2653 1097 2719 Fassung
1108 2657 1216 2706 wieder·

153 2717 373 2781 Verl'dumdangen
391 2721 436 2769 der
447 2714 564 2769 Phaedra'
577 2735 657 2783 gegen
712 2720 772 2770 holt.
796 2719 853 2784 Vgl.
866 2721 897 2769 de
910 2720 981 2770 Fine.
999 2720 1022 2782 l,
1035 2721 1059 2786 3,
1073 2723 1100 2772 7:
1121 2723 1216 2789 Quaen·

153 2786 241 2836 sciren
253 2785 320 2836 Sobn
333 2785 422 2852 llippol
443 2795 483 2837 tas
496 2789 543 2837 den
557 2787 657 2853 Neptun
711 2803 788 2854 qoam
805 2791 830 2838 si
843 2787 920 2855 phano
935 2791 972 2838 sic
989 2795 1118 2841 verteram
1130 2792 1217 2844 Plato·

153 2803 468 2916 anrial,jeaemden'iod
482 2855 657 2918 augeben,so
710 2871 769 2906 amn
792 2859 839 2907 aet
857 2856 1037 2922 Aeastolelem,
1062 2863 1094 2909 ut
1113 2863 1216 2910 eertrml

153 2919 256 2970 erliillte
268 2919 368 2986 Neptun
386 2922 439 2972 sein
452 2923 594 2986 Begebrem
613 2923 657 2972 ob·
710 2924 1216 3042 nostra'peetaesabulaqnmtmalamo-

154 2986 234 3047 gleich
247 3001 276 3034 er
287 2987 327 3035 die
340 2986 467 3039 Uascbuld
480 2991 525 3039 des
535 2990 656 3057 Hippoly-
710 3007 784 3042 rerer
812 2993 1019 3055 emeiscieidur,
1036 2996 1062 3042 si
1076 2994 1113 3044 ad
1127 3010 1216 3046 eonem
1271 3025 1275 3036 ·

154 3059 195 3101 tus
216 3050 313 3101 kennen
338 3055 388 3102 und
409 3056 463 3104 elso
484 3059 655 3106 vorausseben
711 3062 882 3124 coguitionem
915 3058 1000 3110 drama
1032 3061 1076 3111 itta
1113 3065 1216 3128 urgereris

154 3123 261 3180 maeste,
279 3119 337 3170 dass
355 3122 402 3168 den
416 3120 529 3171 Theseus
542 3125 595 3172 sein
608 3124 656 3174 Be·
711 3128 896 3191 b'mrquem,
909 3141 949 3176 wo
962 3127 1063 3192 Madvig
1075 3131 1148 3180 mehr
1159 3130 1215 3180 bei·

153 3186 247 3249 gebren
259 3183 338 3235 bitter
354 3201 465 3249 gereuen
479 3189 574 3238 wiirde.
599 3191 655 3254 Vgl.
711 3193 790 3258 spiele
802 3194 879 3256 giebt.

153 3255 184 3303 de
198 3251 271 3302 effic.
284 3251 307 3317 l,
324 3255 363 3318 10,
376 3253 416 3304 32.
436 3253 481 3319 111,
496 3254 541 3319 25,
555 3257 599 3319 94,
616 3274 656 3308 wo

153 3338 184 3372 an
209 3320 303 3371 diesem
326 3322 436 3388 Beispiel
462 3324 563 3388 gezcigt
586 3325 655 3392 wird‚

152 3390 211 3440 dass
230 3405 258 3440 es
274 3390 406 3442 bisweilen
424 3391 513 3442 besser
534 3392 579 3456 sei,
601 3394 655 3443 seio

152 3456 231 3507 Wort
247 3474 279 3507 zu
296 3458 403 3510 breeben
419 3460 458 3510 als
472 3477 504 3510 zu
516 3461 609 3510 hulten.
622 3489 655 3498 —

745 3288 785 3338 78.
807 3293 968 3344 mereamim
985 3293 1099 3344 offenbar
1110 3310 1217 3361 passeri-

710 3357 756 3406 der
764 3357 852 3408 alsdas
863 3361 1035 3412 bandschriltl.
1043 3365 1099 3412 etue
1108 3380 1216 3425 nomem

710 3424 774 3473 deon
787 3426 854 3476 nicht
865 3427 911 3478 aul
920 3430 967 3478 den
980 3429 1090 3493 Nemea,
1105 3433 1217 3482 sondern

152 3524 655 3714 ξίῗοέιᾎὶείιὲηῐῇθῖᾶῗῗζιἔῖῗᾳξὴθθῑὴθῃ
709 3491 1218 3628 {bitiiicbdisi'btrsbbbudgnbdbiiriieisbii,

181 3658 654 3795 tittnthattemttt
707 3629 1218 3775 iiiiii?imiimi

141 3795 316 3846 conditionale
325 3796 438 3849 Protasis
449 3800 528 3852 nebeo
543 3802 589 3851 der
601 3803 654 3852 obi·
709 3763 806 3813 warde.
1301 3803 1302 3842 i

148 3877 209 3927 gen,
225 3864 251 3913 εἰ
264 3877 353 3930 amum
364 3871 405 3917 art
421 3871 480 3932 sta,
498 3869 592 3920 welche
605 3870 652 3920 den
742 3854 795 3916 ³2.
814 3865 854 3916 79.
875 3868 992 3918 stultitiis
1017 3869 1045 3920 S.
1058 3887 1092 3922 zu
1103 3869 1123 3937 l,
1136 3871 1160 3938 9,
1173 3870 1218 3947 ²3:
