2612 4328
446 271 548 322 nnn
576 271 643 324 cue.
657 273 752 325 mis.
1062 280 1121 342 159
1226 267 1227 272 ’

108 423 145 484 At
159 421 246 484 Canis
261 425 299 484 od
314 423 439 484 caudam
452 392 569 504 serpeus
579 426 749 505 prolabitur
763 385 849 506 sirpo.
865 463 906 474 --
921 465 963 476 -

108 505 194 568 Hauc
208 506 291 568 Aries
306 511 372 586 cepit
384 518 410 568 et
425 527 576 587 squamoso
592 529 714 591 corpore
728 510 831 582 Pisces,

107 591 239 669 fluminis
249 591 360 653 illustri
373 603 518 671 taupeutes
533 612 654 674 corpore
668 600 758 676 ripas.

62 677 162 749 Quem
176 677 263 756 longe
278 684 445 756 serpentem
460 687 488 739 et
502 685 668 740 manantem
682 679 841 759 adspicies,

106 796 150 805 —
165 796 206 805 -
218 779 400 841 proceraque
416 759 516 823 Viuola
530 763 652 834 ridelis,

108 864 180 925 puae
194 849 318 908 renuent
330 844 425 907 Pisces
439 848 603 909 caudarum
619 867 637 908 a
647 859 734 928 porte
750 848 854 909 locato.
870 883 912 894 --
926 883 967 894 -

105 929 179 992 lude
193 930 290 1010 Nepae
306 949 403 992 carues
414 942 537 1011 propter
550 933 687 1012 fulpeuu's
702 951 823 994 acumeu

105 1016 208 1087 Aram,
224 1035 311 1095 quara
325 1016 399 1093 flatu
409 1017 571 1096 permulcet
583 1021 703 1098 spiritus
718 1021 820 1078 austri.

57 1096 249 1179 Propterque
265 1101 427 1162 Centaurus

107 1185 189 1254 cedd,
205 1185 281 1264 Equi
289 1196 390 1265 partes
400 1204 567 1266 properares
580 1187 757 1267 suliuuperc
768 1185 869 1271 Cluuiis.

103 1267 163 1329 Hic
178 1273 311 1330 deutrum
323 1289 464 1350 porpeus,
480 1273 645 1352 quadrupes
659 1291 716 1352 qua
730 1283 813 1333 casta
828 1282 953 1345 terretur,

104 1354 195 1414 teudt't
209 1365 237 1414 et
248 1353 391 1414 illustrem
406 1355 583 1418 truculentus
598 1357 671 1418 cedit
684 1358 723 1418 ad
736 1349 842 1429 elram

3 1485 4 1490 1
104 1437 153 1498 lu'c
168 1455 225 1497 sese
239 1440 365 1516 o'rtferuis
380 1439 413 1499 de
423 1440 560 1518 parabus
575 1444 658 1520 err'plt
671 1439 792 1520 Hydra:

58 1523 147 1583 cuius
163 1521 250 1598 longe
266 1539 373 1600 corpus
389 1530 434 1582 est
445 1525 558 1594 lusum3

104 1609 138 1667 iu
154 1608 302 1684 medioque
316 1609 382 1667 siau
394 1606 509 1685 sulpuris
524 1607 650 1668 Cratera
660 1608 776 1668 relucet.

104 1690 278 1751 Eatreataru
292 1693 385 1752 uiteus
395 1690 528 1769 plumato
545 1710 667 1771 corpore
682 1691 794 1752 Corvus

105 1785 204 1836 rostro
219 1776 327 1847 turadia
339 1786 366 1835 et
378 1773 423 1835 lic
439 1774 564 1837 Geminis
577 1788 619 1838 est
631 1777 680 1837 ille
694 1775 746 1836 sul
762 1778 831 1854 ipsis

106 1860 178 1920 riute
195 1859 310 1930 Concor,
325 1853 484 1940 Προκύων
499 1859 588 1921 Graio
604 1865 654 1941 qul
665 1851 900 1940 uomiuclertur.
971 1885 982 1912 s

59 1945 142 2006 Haec
168 1945 264 2004 omnis
291 1945 448 2023 descriptio
471 1945 600 2006 siderum
620 1953 706 2025 atque
725 1945 773 2005 hic
790 1952 889 2006 tantus
911 1943 980 2005 caeli
999 1950 1120 2006 ornatus
1143 1953 1190 2004 115

59 2050 96 2090 ex
118 2029 293 2108 corporibus
313 2027 372 2091 huc
390 2037 418 2090 et
436 2029 504 2091 illuc
519 2049 588 2092 casu
602 2039 631 2091 et
644 2039 754 2092 temere
769 2029 974 2091 cursitantibus
988 2029 1120 2108 potuisse

60 2115 141 2175 effici
167 2115 303 2194 cuiquam
329 2131 400 2175 sano
427 2115 516 2177 videri
542 2114 661 2195 potest?
687 2123 736 2177 aut
757 2133 825 2175 vero
844 2114 898 2175 alia
918 2132 990 2194 quse
1009 2123 1120 2192 natura,

60 2198 171 2260 mentis
191 2207 220 2260 et
239 2199 362 2260 rationis
382 2218 499 2278 expers,
521 2200 593 2262 haec
607 2203 719 2262 efficere
732 2199 838 2280 potuit,
853 2218 927 2280 quae
941 2217 1003 2260 non
1019 2201 1119 2274 modo,

59 2296 93 2345 ut
108 2285 222 2356 fierent,
237 2283 350 2345 ratione
364 2294 515 2362 eguerunt,
531 2287 582 2346 sed
597 2285 724 2365 intelligi,
741 2284 834 2364 qualia
846 2285 913 2359 siut,
928 2284 993 2346 sine
1004 2303 1119 2346 summa

59 2371 176 2430 ratione
191 2387 252 2429 non
267 2367 415 2448 possunt?
446 2370 505 2431 Nec
519 2390 587 2432 vero
603 2371 674 2432 haec
689 2371 784 2432 solum
801 2370 989 2443 admirabilia,
1005 2370 1118 2430 sedni·
1136 2371 1178 2430 45

58 2453 101 2514 hil
119 2453 215 2514 maius
235 2473 323 2533 quam
343 2455 423 2533 quad
438 2456 475 2515 ita
491 2455 602 2518 stabilis
618 2467 663 2516 est
677 2455 805 2515 mundus
825 2463 911 2533 atque
928 2455 969 2514 ita
984 2455 1121 2514 cohaeret

60 2539 96 2598 ud
117 2539 367 2616 permanendum,
384 2547 417 2598 ut
435 2539 506 2598 nihil
526 2559 564 2600 ne
583 2540 740 2617 excogitari
760 2538 878 2618 quidem
898 2537 997 2616 possit
1015 2537 1118 2615 aptius.

61 2623 174 2684 Omnes
190 2622 269 2682 enim
281 2629 378 2699 partes
393 2622 456 2682 eius
471 2624 599 2702 undique
614 2623 743 2684 medium
757 2624 855 2683 locum
871 2627 1057 2699 capessentes
1072 2619 1119 2680 ni-

59 2716 165 2769 tuntur
180 2705 345 2784 aequaliter.
368 2705 490 2767 Maxime
504 2720 600 2769 autem
616 2725 741 2786 corpora
755 2707 830 2767 inter
845 2725 877 2765 se
892 2705 989 2764 iuncta
1000 2723 1119 2782 perma-

81 2890 350 2941 ‘114.Ftar1unts-.
373 2890 424 2940 Das
437 2890 565 2940 Sternhild
618 2890 836 2953 zwiegestulteten
859 2888 950 2938 Leihcs
978 2889 1070 2966 dringt
1092 2904 1121 2939 er

60 2961 104 3010 des
116 2959 240 3022 strumus,
254 2975 302 3008 von
312 2958 425 3022 Einigen,
434 2959 483 3007 wie
493 2957 564 3008 Anat.
618 2959 671 3008 sich
693 2965 768 3008 nater
791 2958 831 3007 die
856 2956 961 3020 Cietae,
986 2957 1010 3007 d.
1030 2959 1054 3006 h.
1080 2957 1119 3008 die

59 3044 83 3076 v.
107 3025 171 3089 360,
200 3027 365 3091 Eridanus,
389 3043 439 3076 vcn
463 3026 564 3076 Andura
618 3026 743 3076 Scheeren
773 3027 818 3076 das
842 3025 985 3090 Scorpione.
1023 3023 1050 3075 ln
1074 3027 1121 3076 der

59 3094 111 3146 Nil
125 3101 284 3157 3811111111-
292 3110 373 3160 wem,
383 3095 421 3144 uls
431 3094 462 3144 ob
472 3095 565 3144 vorher
618 3094 688 3144 Hand
700 3094 753 3144 hiilt
764 3109 793 3143 er
805 3094 843 3144 ein
854 3094 965 3156 erlegtes
976 3093 1054 3155 Wild,
1066 3093 1121 3143 hier

52 3163 143 3226 fluuii,
157 3162 537 3228 nichtjlumiru'sgcsagtwiire.
617 3164 656 3212 uls
685 3162 830 3230 quadrupes
862 3166 937 3213 easta
965 3161 1119 3212 bezeichnet.

61 3230 565 3348 uelutillut“latitud
616 3228 1121 3362 ltuttlltttlt{sluttltttt

61 3367 120 3416 sche
148 3365 304 3428 amselrlingt.
331 3394 365 3403 —·
391 3367 490 3434 Nepae,
519 3367 564 3416 dcs
616 3368 784 3417 varzuziehcn
798 3367 843 3428 sei,
856 3367 890 3416 ist
902 3364 978 3412 schoa
987 3361 1063 3413 allelu
1073 3374 1117 3408 uus

61 3433 205 3499 Scorpions.
238 3433 264 3482 S.
281 3433 327 3497 42,
346 3433 403 3484 109.
424 3461 458 3470 -
477 3433 564 3485 Nebcn
617 3435 672 3484 dem
682 3433 784 3486 Grundc
798 3434 864 3496 klar,
878 3430 936 3480 weil
950 3429 996 3476 der
1009 3427 1118 3504 Centaur

61 3501 156 3550 diesem
182 3503 228 3550 der
251 3501 354 3562 Alter,
380 3502 493 3551 welchen
519 3503 565 3551 der
618 3504 662 3552 dus
674 3502 752 3552 Thier
763 3498 902 3562 unmiiglieh
915 3494 1028 3558 augleich
1038 3509 1063 3542 m
1073 3493 1119 3543 der

62 3569 146 3618 chclr
161 3569 205 3618 des
218 3568 366 3619 Siidwindes
382 3569 488 3632 rachele,
504 3569 565 3618 weil
617 3566 880 3629 Rechtcntragenund
890 3563 1032 3613 schluchten
1042 3561 1117 3638 kunn.

62 3652 90 3686 er
114 3637 221 3686 niimlich
243 3637 275 3686 im
299 3636 382 3687 Siiden
406 3638 486 3697 steht,
515 3637 564 3686 wie
651 3631 1117 3701 lta-Aureeanumderslponoou

62 3703 125 3754 oben
149 3701 173 3768 ξ.
194 3704 239 3754 111
267 3706 312 3754 der
335 3705 463 3754 nilrdlichc
489 3703 564 3754 Fisclr
617 3703 779 3765 Varhund,
799 3698 936 3751 Vorliiuier
951 3699 996 3748 dos
1013 3712 1117 3762 grosscn

62 3787 118 3820 vom
131 3771 418 3834 Nordwindcgetrod'en
431 3773 509 3820 ward.
617 3771 729 3835 Hnndes,
753 3771 776 3819 d.
794 3771 817 3818 h.
839 3770 884 3819 des
905 3767 1020 3817 Sirius.
1044 3765 1118 3816 Beide

97 3838 248 3902 Centaurus,
261 3839 307 3889 aul
313 3840 360 3889 den
370 3838 460 3889 Chiron
468 3841 563 3902 gedeu-
616 3839 720 3888 wurden
740 3837 779 3887 uls
794 3837 938 3900 lagdhundc
962 3835 1006 3885 des
1023 3833 1118 3884 Orion

62 3914 108 3956 tet.
128 3934 163 3943 —
183 3907 231 3958 Mit
254 3908 308 3956 dem
330 3906 456 3957 Rcsstlreil
481 3905 564 3956 seiaes
616 3905 742 3970 gedcutct.
