2612 4328
447 297 767 354 numerumn.
1073 305 1136 371 207

71 472 137 515 uno
150 455 255 529 mod03
270 455 480 534 quiquoniam,
496 457 564 536 quid
577 456 693 530 diceret,
707 456 827 536 intelligi
837 457 940 532 noluit,
953 458 1136 521 omittamus:

71 558 132 600 vos
147 547 244 602 autem
260 541 300 600 ita
315 540 417 614 dicitis,
434 559 553 602 onmem
565 541 624 601 vim
636 559 701 604 esse
713 541 838 619 igneam,
853 543 949 622 itaque
964 551 992 604 et
1003 544 1135 606 animan·

17 693 22 708 ¹
70 632 130 698 tes,
146 643 237 702 quum
253 626 332 686 calor
346 625 493 698 deiecerit,
507 633 570 686 tum
587 626 714 700 interire,
730 627 803 686 etin
821 627 902 686 omni
917 636 1021 688 natura
1036 647 1135 690 rerum

71 709 105 768 id
120 709 229 782 vivere,
249 709 279 769 id
294 709 403 787 vigere,
424 711 503 788 quod
519 711 615 770 caleat.
645 710 708 789 Ego
724 719 897 771 autemnon
912 712 1055 790 intelligo,
1075 732 1135 792 quo

69 793 167 858 modo
188 794 283 854 calore
302 795 446 856 exstincto
462 813 587 874 corpora
601 795 757 868 intereant,
777 812 839 855 non
854 795 997 856 intereant
1011 796 1136 857 humore

70 885 125 938 aut
145 878 250 957 spiritu
271 878 394 952 amisso,
413 880 585 958 praesertim
605 897 695 959 quum
715 879 858 941 intereant
876 879 962 940 etiam
978 879 1070 940 nimio
1087 899 1135 942 ca-
1170 889 1174 896 '

68 963 147 1022 lore.
179 963 378 1036 Quamobrem
395 963 425 1024 id
441 965 558 1044 quidem
575 982 733 1025 commune
749 971 794 1025 est
808 965 844 1024 de
859 964 967 1038 calido;
986 971 1134 1030 vemmta·
1155 981 1188 1033 36

67 1064 145 1108 men
164 1047 312 1108 videamus
334 1049 451 1109 exitum.
481 1049 524 1109 lta
543 1049 642 1122 vultis,
664 1049 787 1129 opinor,
807 1049 879 1110 nihil
896 1067 964 1110 esse
982 1049 1089 1110 animal
1107 1057 1137 1110 et

68 1132 205 1192 sentiens
220 1133 249 1192 in
265 1140 367 1194 natura
378 1144 465 1212 atque
476 1134 588 1195 mundo
600 1142 715 1212 praeter
725 1134 831 1212 ignem.
859 1133 916 1205 Qul
928 1134 1032 1212 magis,
1048 1152 1136 1213 quam

66 1222 190 1295 praeter
209 1215 349 1290 animam,
373 1219 451 1279 unde
470 1218 661 1279 animantium
681 1236 799 1297 quoque
819 1225 933 1279 constet
952 1219 1080 1292 animus,
1095 1235 1134 1278 cx

67 1319 133 1379 quo
155 1300 260 1361 animal
281 1300 408 1363 dicitur?
443 1303 619 1375 Quomodo
640 1311 736 1364 autem
756 1305 826 1377 hoc,
847 1303 930 1382 quasi
951 1303 1135 1377 concedatur,

66 1384 206 1455 sumitis,
224 1385 298 1444 nihil
313 1405 379 1445 esse
393 1386 524 1446 animum
539 1387 597 1446 nisi
611 1385 732 1464 ignem?
761 1387 946 1448 Probabilius
962 1387 1039 1448 enim
1052 1387 1133 1448 uidc-

65 1479 121 1530 tur
142 1468 199 1527 tale
219 1468 356 1546 quiddam
377 1489 443 1530 esse
458 1470 602 1542 animum,
622 1479 656 1531 ut
670 1471 708 1531 sit
722 1490 756 1530 ex
771 1471 832 1548 igni
847 1478 933 1550 atque
948 1472 1043 1532 anima
1057 1479 1134 1533 tem-

65 1559 217 1633 peratum.
249 1553 363 1624 Quodsi
384 1553 460 1632 ignis
480 1573 515 1614 ex
530 1573 597 1614 sese
611 1554 675 1633 ipse
690 1555 795 1615 animal
811 1562 857 1615 est
872 1555 950 1614 nulla
966 1574 997 1616 se
1012 1555 1066 1615 alia
1081 1555 1133 1615 ad·

66 1637 218 1698 miscente
232 1643 348 1710 natura,
369 1638 506 1716 quoniam
522 1638 561 1711 is,
578 1657 669 1716 quum
684 1637 807 1727 inestxin
822 1637 998 1717 corporibus
1013 1639 1133 1714 nostrie,

68 1721 176 1794 efficit,
199 1727 232 1780 ut
251 1721 426 1782 sentiamus:
446 1740 508 1782 non
529 1730 626 1802 potest
647 1721 711 1800 ipse
731 1741 795 1783 esse
810 1723 874 1783 sine
890 1741 989 1783 sensu.
1020 1723 1132 1783 Rursus

67 1807 175 1866 eadem
200 1803 255 1864 dici
274 1814 412 1884 possunt.
441 1807 588 1886 Quidquid
608 1814 654 1866 est
672 1806 764 1880 enim,
785 1803 864 1886 quod
885 1825 1007 1868 sensum
1022 1807 1134 1880 habeat,

69 1891 103 1951 id
119 1907 243 1951 necesse
258 1897 303 1950 est
318 1890 423 1951 sentiat
437 1898 465 1951 et
479 1893 656 1970 voluptatem
672 1899 700 1952 et
715 1892 863 1966 dolorem3
882 1892 918 1952 ad
934 1909 1022 1970 quern
1037 1898 1134 1951 autem

70 1975 160 2035 dolor
175 1974 282 2047 veniat,
303 1975 339 2035 ad
359 1976 482 2036 eundern
505 1977 590 2036 etiam
611 1975 761 2036 interitum
779 1975 886 2036 venire.
915 1975 959 2036 lta
979 1977 1023 2048 tit,
1044 1983 1076 2036 ut
1096 1993 1133 2035 ne

69 2060 173 2137 iguem
193 2058 309 2138 quidem
325 2060 440 2120 efficere
454 2061 576 2140 possitis
592 2067 753 2122 aeteruum.
783 2060 859 2133 Quid
874 2058 977 2121 enim?
997 2077 1058 2120 non
1074 2061 1132 2121 eis·
1153 2073 1184 2124 37

107 2245 153 2310 qui
161 2245 280 2309 onmium
287 2243 396 2308 rirtolltgt
401 2243 491 2308 noluit,
501 2247 576 2294 ornit-

71 2317 169 2362 temus.
201 2310 263 2360 Eine
283 2311 331 2361 Art
353 2327 401 2364 von
425 2311 575 2376 Attraction,

70 2380 156 2429 iudem
173 2379 216 2428 das
233 2378 333 2428 Relativ
353 2379 378 2428 in
399 2378 439 2428 die
456 2378 577 2429 Structur

70 2448 118 2496 des
137 2445 310 2496 Nebensatzes
330 2447 525 2508 hiueingezogen
542 2448 578 2496 ist

70 2520 138 2564 statt
162 2515 214 2562 siclt
234 2515 289 2564 dem
308 2513 394 2566 Verbo
418 2514 462 2562 des
482 2513 578 2580 Haupt-

71 2588 173 2644 satzea,
196 2584 355 2643 omittamus,
376 2581 415 2631 uls
434 2580 525 2645 0bject
545 2597 576 2630 zu

10 2697 14 2720 ,
69 2649 283 2711 accommodum,
301 2665 389 2716 quern3
411 2665 439 2698 so
457 2649 515 2697 dass
528 2664 577 2698 uun

71 2733 133 2768 eum
162 2716 366 2773 ltinwzudenkeu
394 2717 437 2766 ist.
477 2715 577 2765 Ebeuso

70 2784 149 2834 Corn.
161 2782 224 2850 Nep.
238 2783 362 2850 Thrasyl.
375 2785 399 2846 4,
414 2783 440 2832 1:
462 2785 520 2832 naue
536 2798 577 2833 co-

69 2868 138 2903 rona
159 2851 220 2902 duta
241 2857 293 2915 θείς
318 2867 394 2918 quam
414 2851 482 2916 quod
503 2866 578 2900 arnor

16 3001 23 3012 .
69 2919 577 3038 tttttttttfttttttltltld

69 3056 137 3106 heim
156 3055 355 3118 Demonstrativ,
378 3054 482 3104 Sallust.
500 3053 573 3103 Catil.

70 3139 93 3172 c.
109 3123 149 3188 11,
163 3123 191 3172 2:
213 3123 271 3172 duic
283 3127 342 3188 quia
358 3124 438 3173 donce
449 3127 520 3174 artes
532 3123 576 3172 de-

69 3195 142 3254 sunt,
154 3191 220 3240 dolis
231 3195 307 3256 utque
316 3191 428 3254 fallact'r'a
437 3190 575 3240 contendit.

68 3257 202 3375 —6Uellaer
213 3259 257 3308 dus
276 3259 386 3324 intelligi
394 3257 477 3308 aroluit
491 3258 543 3322 vgl.
555 3257 574 3322 l,

104 3365 208 3444 inanem
221 3397 273 3444 cim
285 3411 342 3444 aare
358 3396 470 3460 igneam„
496 3393 575 3443 Deut-

68 3463 149 3512 licher
159 3463 229 3532 w'o're
243 3457 342 3512 nutrcem
351 3465 401 3511 nim
410 3462 512 3512 citatem
521 3477 576 3510 ease

67 3532 187 3595 igneam:
201 3531 264 3580 dcun
278 3531 395 3580 dieswar
407 3530 447 3578 die
457 3529 576 3592 Meinung

69 3600 117 3648 der
130 3597 243 3664 Stoikert
268 3599 294 3648 S.
308 3597 336 3660 ll,
350 3597 373 3659 9,
388 3596 428 3646 23.
442 3597 483 3646 24.

105 3664 147 3716 36.
165 3665 194 3715 td
205 3681 239 3702 ³-
250 3666 283 3716 de
294 3666 386 3729 calido,
400 3666 422 3713 d.
437 3667 459 3714 h.
472 3665 500 3716 r'd
510 3663 578 3729 quod

69 3734 101 3785 de
114 3733 196 3784 calido
209 3733 307 3798 dimus,
324 3749 457 3784 aerumnae
468 3732 526 3782 dcte
538 3735 578 3781 est

69 3819 128 3854 cum
136 3803 246 3853 demere
255 3807 282 3852 et
289 3804 389 3870 spiritu,
397 3800 468 3850 oder:
475 3802 577 3868 puriter·

69 3872 101 3922 de
112 3871 222 3922 domare
233 3874 260 3920 et
271 3871 367 3936 spirutu
379 3869 430 3919 dici
437 3871 532 3936 potest.

103 3943 227 4004 animum,
240 3939 308 3990 uada
316 3965 349 3974 -
358 3938 575 3987 constetum'mur.

631 2243 695 2294 llass
719 2244 759 2294 die
784 2244 859 2294 Seele
882 2243 1059 2307 lullartig'sei
1083 2245 1133 2293 uud

630 2313 707 2361 durch
728 2313 776 2361 deu
794 2311 883 2362 Athem
903 2311 1017 2361 erhalten
1037 2312 1132 2376 werde,

629 2393 685 2429 war
700 2380 756 2429 eine
773 2396 822 2430 von
835 2379 922 2430 Alters
941 2381 986 2428 her
1001 2379 1062 2428 weit
1073 2393 1132 2428 ver-

629 2447 738 2497 breitete
759 2445 885 2508 Meiuung.
913 2447 970 2509 Vgl.
989 2445 1091 2495 Tuscul.
1113 2444 1131 2509 l,
1177 2491 1181 2498 ,

630 2514 654 2576 9,
669 2514 712 2562 19;
724 2515 850 2562 Antinum
861 2517 948 2563 autem
957 2513 1006 2561 ulr'i·
1014 2515 1132 2576 annuum,

630 2581 741 2645 atsere
763 2583 849 2630 nostri
871 2579 1002 2629 declarant
1023 2575 1132 2628 adnuae.

630 2646 699 2698 Num
720 2652 746 2696 et
764 2663 842 2712 agere
861 2650 974 2696 amintam
996 2648 1022 2694 et
1040 2643 1133 2710 efflare

630 2715 739 2766 utemur
749 2732 794 2762 -ι
812 2716 868 2781 ipre
883 2717 970 2763 autem
986 2715 1088 2762 animus
1100 2713 1132 2761 ab
1200 2759 1207 2762 .

615 2784 717 2832 'uniam
732 2783 817 2831 dictur
835 2785 882 2831 ert.
907 2780 1074 2847 Specielleres
1091 2780 1131 2829 bei

629 2850 730 2900 Lobeck
743 2849 800 2912 agl.
814 2864 838 2914 p.
853 2849 902 2896 755
912 2847 937 2897 ff.

664 2917 698 2968 ud
716 2917 824 2967 cundem
840 2919 917 2966 ettam
936 2917 1070 2965 interitum
1091 2931 1133 2966 ce·

628 2989 693 3037 aire.
718 2983 753 3034 lm
765 2985 869 3048 rorigeu
883 2982 971 3034 Glicde
988 2985 1031 3033 hat
1043 2983 1131 3034 Cicero

629 3055 676 3103 den
690 3052 840 3117 Conjuuetiv
852 3053 913 3102 uach
924 3067 1026 3120 necasse
1038 3057 1080 3102 ert
1090 3067 1133 3116 ge·

630 3128 709 3171 aetat:
726 3135 820 3170 wamm
838 3135 866 3170 er
880 3119 948 3184 jetzt
965 3121 1012 3169 deu
1024 3120 1133 3170 influitiv

629 3189 752 3252 vorzieht,
763 3189 869 3238 erkenut
877 3203 932 3238 man
943 3189 1026 3238 letum.
1044 3188 1133 3238 Allon-

629 3256 800 3307 fallsrknnnt‘e
821 3271 876 3306 man
893 3257 978 3306 diesen
999 3259 1062 3304 auch
1083 3267 1132 3305 von

630 3325 692 3374 dem·
703 3327 956 3388 vorhergegungcnen
974 3322 1066 3371 *eadem
1083 3321 1134 3370 diei

627 3397 740 3460 possunt
755 3392 877 3454 abhiiugig
890 3390 1001 3447 danico,
1019 3388 1082 3436 doclr
1098 3387 1133 3437 ist

631 3461 675 3510 das
699 3461 813 3522 weniger
834 3454 1052 3517 uranrscneinltcn,
1082 3455 1132 3504 und

627 3527 688 3592 jene
700 3526 829 3577 Veriatiou
847 3525 892 3572 der
904 3523 1022 3571 Structur
1038 3522 1133 3572 kommt

629 3597 691 3644 auch
710 3599 782 3642 sonst
799 3606 853 3640 vor.
877 3589 933 3652 Vgl.
948 3589 1023 3639 Acad.
1042 3589 1069 3656 ll,
1090 3589 1129 3654 12,
1216 3653 1223 3658 ⁸

630 3661 674 3710 39:
697 3664 756 3708 uate
770 3659 852 3710 ruderi
866 3657 961 3723 aliquid
976 3673 1052 3723 quam
1067 3673 1132 3724 aga·

629 3745 688 3779 mus
699 3742 802 3777 necesse
818 3730 867 3791 est,
885 3729 955 3791 eique
971 3726 1132 3792 quadrimum

630 3798 673 3860 sit,
693 3797 862 3857 essentiatur,
883 3792 925 3843 liir
944 3797 1077 3845 asserrtird.
1101 3795 1132 3844 de

630 3863 702 3913 Fiun.
715 3862 746 3926 V,
760 3861 788 3926 9,
802 3862 846 3911 25:
864 3876 968 3913 necesse
983 3867 1033 3927 est,
1048 3863 1132 3929 finem

632 3933 746 3982 munium
761 3931 828 3981 dune
843 3945 911 3995 esse,
928 3936 960 3981 ct
975 3933 1070 3980 namra
1086 3945 1132 3978 erc-
