2646 4334
197 291 237 353 48
548 284 591 336 uu
609 282 746 335 narum
764 281 903 335 nuonuu

197 441 246 522 qui
269 437 459 511 discordiam,
484 437 534 517 qui
555 437 741 516 cupiditatem
762 417 913 516 ceteraque
933 431 1046 513 generis
1068 432 1202 494 eiusdem
1223 435 1260 494 ed

196 527 282 586 deum
293 529 417 594 revocet,
429 541 502 602 quae
513 522 558 583 vel
568 523 673 584 morbo
684 523 728 582 vel
739 539 846 582 somno
854 519 899 580 vel
908 518 1051 578 oblivione
1061 516 1106 577 vel
1116 526 1260 580 vetustate

197 609 343 670 delentur:
364 606 522 686 eademque
537 607 573 667 de
588 607 748 681 sideribus3
770 625 857 685 quae,
873 604 1051 682 reprehensa
1067 603 1124 663 iarn
1142 602 1174 662 in
1191 603 1259 676 alio,

140 695 180 756 12
198 694 229 755 iu
247 693 306 754 hoc
325 692 504 753 omittantur.
533 692 727 770 Empedocles
747 697 858 762 autem,
879 688 970 750 multa
990 687 1042 748 elia
1063 705 1207 766 peccans,
1230 691 1260 750 in

143 789 176 839 29
198 779 319 840 deorum
337 777 474 856 opinione
490 775 658 855 turpissime
671 777 787 837 labitur.
817 776 962 847 Quattuor
977 772 1055 832 enim
1070 781 1208 845 naturas,
1225 793 1261 834 er

198 863 302 944 quihus
319 863 417 922 omnia
436 871 573 922 constare
592 870 705 933 censet,
728 859 838 921 divinas
860 877 926 919 esse
944 857 1015 930 vult,
1037 874 1110 935 quas
1130 866 1160 917 et
1179 858 1260 918 nasei

185 955 226 1024 „et
251 946 395 1024 exstingui
418 946 605 1024 perspicuum
628 951 687 1018 cst,
714 953 742 1004 et
761 962 850 1005 sensu
871 942 953 1004 omui
973 960 1078 1002 carere.
1109 941 1171 1002 Nec
1190 961 1258 1003 vero

197 1035 387 1112 Protagoras,
409 1030 459 1108 qui
479 1049 544 1090 sese
563 1036 649 1108 negat
665 1029 785 1090 omniuo
802 1029 838 1089 de
854 1027 909 1088 diis
924 1027 1030 1088 hahere
1046 1027 1125 1105 quod
1142 1026 1258 1105 liqueat,

198 1119 266 1188 sint,
281 1135 343 1177 non
359 1116 434 1186 sint,
444 1115 576 1192 qualesve
591 1114 659 1186 sint,
675 1114 832 1192 quidquam
848 1113 961 1172 videtur
975 1112 1011 1171 de
1022 1119 1124 1172 natura
1135 1113 1259 1172 deorum

198 1201 347 1280 suspicari.
379 1197 477 1272 Quid?
497 1199 694 1271 Democritus,
714 1201 841 1278 quitum
863 1197 1005 1274 imagines
1026 1215 1187 1274 earumque
1203 1198 1258 1258 cir-

199 1285 293 1346 cuitus
308 1286 338 1345 in
353 1285 477 1344 deorum
493 1301 616 1342 numero
632 1284 733 1355 relert,
753 1291 816 1343 tum
831 1282 908 1343 illam
925 1289 1073 1354 naturam,
1097 1299 1171 1360 quac
1186 1281 1259 1342 ima-

199 1371 280 1448 gines
295 1369 398 1428 fundat
412 1387 445 1428 ao
459 1369 566 1438 mittat,
581 1374 643 1427 tum
659 1367 807 1428 scientiam
824 1363 1099 1444 intelligentiamque
1114 1375 1258 1440 nostram,

198 1471 299 1514 nonne
319 1454 350 1513 in
369 1453 496 1513 maximo
518 1471 616 1512 errore
635 1449 788 1513 versatur?
819 1453 918 1525 Quum
939 1451 1015 1510 idem
1033 1450 1169 1524 omnino,
1194 1452 1259 1531 quia

198 1536 269 1599 nihil
290 1557 407 1616 semper
427 1557 481 1598 suo
502 1545 578 1598 statu
599 1545 728 1611 maneat,
748 1545 834 1615 neget
848 1555 914 1596 esse
929 1535 1086 1615 quidquam
1102 1536 1258 1614 sempiter-

233 1757 268 1808 ud
275 1757 352 1809 deum
360 1762 472 1808 reuocat:
484 1756 529 1807 aui
538 1758 577 1807 dic
588 1756 703 1807 Gotthcit
755 1755 1019 1822 mitmythologischen
1027 1753 1260 1805 Giitternarncnhe-

199 1825 372 1887 zuriiclriiihrt,
385 1826 408 1874 d.
422 1827 444 1874 h.
458 1825 496 1874 ais
506 1826 701 1887 Aeusserungcn
756 1824 898 1885 zcichuete,
917 1823 956 1871 dic
974 1823 1022 1872 ihm
1039 1821 1101 1871 aber
1117 1824 1206 1872 weder
1222 1823 1261 1873 die

199 1895 247 1944 und
266 1892 423 1954 Wirlrungen
445 1893 491 1942 der
508 1891 622 1942 Gotthoit
643 1893 702 1940 dar·
755 1890 869 1952 eiuzigen
887 1891 948 1939 noch
970 1890 1009 1939 die
1030 1890 1151 1939 hilchstcn
1169 1889 1261 1940 Gtitter

200 1960 279 2010 stelit.
309 1959 390 2008 Purm.
409 1961 493 2009 hetin
515 1959 600 2007 sciner
620 1959 702 2022 poeti·
756 1973 850 2006 waren.

200 2029 273 2090 sehon
287 2025 396 2090 Sprache
414 2025 453 2074 die
470 2025 640 2074 anzicheudcn
652 2025 703 2074 und
790 2025 951 2090 Protagoras
966 2041 1011 2074 aus
1024 2025 1136 2089 Abdera,
1155 2025 1260 2089 Zeitge-

199 2093 380 2144 abstossendcn
393 2090 482 2141 liriiite
499 2099 573 2141 uuter
590 2093 636 2140 deu
650 2091 703 2142 Na·

200 2175 256 2210 men
266 2155 397 2226 πόλεμος,
408 2161 506 2219 νεῖκος,
517 2154 622 2219 στάσις,
636 2156 704 2225 ἔρως

200 2243 224 2276 u.
246 2226 296 2288 dgl.
319 2225 464 2290 behandelt,
486 2241 577 2275 wovou
601 2226 653 2277 sich
678 2227 702 2276 in

201 2294 248 2366 den
261 2293 428 2356 Fragmentcn
445 2295 508 2342 noch
520 2294 702 2362 Andautungcn

200 2361 323 2478 hialim
334 2405 397 2479 alio:
413 2406 489 2479 udml.
504 2433 530 2480 in
540 2405 703 2494 Alcmaeone,

201 2497 288 2616 §ss-
314 2563 356 2614 29..
378 2563 542 2632 Empedocles
564 2580 609 2616 aus
631 2565 706 2628 Agri·

96 2605 100 2618 l
201 2641 273 2699 gont,
295 2649 336 2682 um
353 2633 393 2683 dic
411 2633 484 2684 Mitte
505 2636 549 2684 des
567 2635 591 2684 5.
609 2633 704 2698 lotch,

201 2708 261 2766 trug
272 2703 341 2752 seiuc
351 2703 641 2768 naturphilosophischcn
651 2701 704 2752 An·

202 2771 298 2821 sichtcn
311 2769 403 2821 ebenso
417 2771 464 2820 wic
473 2769 642 2837 Xenophanes
656 2769 704 2819 und

200 2837 361 2886 Parmenides
379 2839 402 2886 in
425 2839 504 2888 ciuem
522 2838 704 2902 Lchrgcdiehte

202 2918 262 2966 vor,
290 2918 338 2951 von
363 2904 482 2970 walchem
506 2907 608 2956 manche
637 2905 706 2954 nicht

200 2969 391 3086 unlqedeutendc
404 2971 574 3022 Bruehstiickc
591 2973 705 3023 crhalten

202 3051 265 3086 sm.
351 3081 352 3084 ,
470 3059 471 3062 =

205 3133 208 3138 ·
236 3105 263 3152 in
276 3102 382 3156 demum
394 3107 511 3171 opinione
528 3105 609 3156 fririae
622 3109 706 3175 opini-

204 3187 250 3224 οπο
262 3171 293 3221 dc
304 3171 366 3232 diis,
383 3174 432 3221 wic
445 3179 521 3222 unten
538 3173 635 3224 nullum
651 3177 705 3242 opi-

757 2108 832 2143 nossc
849 2095 893 2144 des
907 2093 1042 2155 Solinates,
1061 2108 1116 2142 war
1132 2094 1205 2144 einer
1218 2095 1262 2144 der

757 2163 1006 2224 ausgezcichnctstcn
1032 2167 1107 2210 uutor
1134 2163 1182 2211 den
1209 2177 1261 2226 sog.

758 2228 905 2294 Sophistcn,
926 2230 965 2278 die
988 2244 1020 2278 zu
1037 2227 1114 2290 jener
1131 2227 1202 2294 zeh,
1223 2231 1261 2280 uls

758 2295 855 2346 Lehrer
866 2297 912 2346 der
922 2295 1109 2345 Wissenschalt
1120 2298 1262 2347 mnherrei·

759 2365 833 2429 scnd,
845 2364 915 2412 ihren
929 2362 1074 2414 Untcrrieht
1086 2364 1129 2413 liir
1141 2363 1207 2416 Gelu
1221 2365 1262 2415 teil

758 2430 839 2480 boton.
863 2429 899 2480 Er
909 2430 1066 2494 hchauptete,
1080 2432 1138 2481 dass
1149 2448 1177 2482 es
1188 2433 1263 2483 liher-

758 2498 793 2548 att
806 2499 879 2548 k'eine
897 2497 1006 2561 objectiv
1022 2498 1119 2549 sichero
1132 2499 1262 2550 Erkeunt-

758 2566 1262 2698 ttdtttldttttll‘ttltlt·

1173 2673 1180 2699 r
1253 2665 1262 2674 “
1308 2684 1310 2692 ι

759 2703 819 2752 dern
839 2718 886 2752 nur
906 2702 1046 2765 subjectiva
1064 2702 1263 2768 Vorstellungcu
1312 2701 1313 2732 ³

758 2771 807 2820 und
819 2770 971 2830 Ausiehten3
984 2770 1033 2819 und
1043 2769 1066 2819 in
1081 2771 1174 2820 diesem
1185 2771 1263 2821 Sinue

759 2837 847 2905 spraeh
861 2853 890 2887 cr
902 2838 966 2886 denn
975 2839 1038 2886 auch
1049 2837 1112 2887 iihar
1122 2839 1171 2888 den
1183 2839 1263 2890 Glau-

758 2906 806 2956 hen
820 2921 850 2954 uu
865 2903 961 2954 Giittcr.
987 2903 1044 2968 Vgl.
1058 2923 1079 2956 e.
1093 2905 1133 2971 23,
1147 2905 1188 2956 63.

791 2971 1264 3042 Dernoom'tus,ehensalisausdbdera,

760 3050 839 3090 etwas
846 3039 970 3104 jiingerar
981 3039 1147 3104 Zeitgcnosse
1159 3043 1264 3094 dcsVo·

760 3108 839 3170 rigeo.
869 3106 952 3159 Uebcr
967 3109 1036 3158 scine
1053 3109 1107 3158 hier
1123 3110 1263 3163 heriihrtcu

757 3174 855 3225 Lehren
869 3189 889 3225 S.
903 3175 947 3225 das
957 3176 1056 3226 Niihcrc
1069 3193 1100 3225 zu
1114 3193 1135 3227 c.
1146 3177 1188 3237 43,
1207 3179 1263 3228 120.

202 3241 304 3291 ntmrmn
325 3241 389 3289 cius.
423 3238 456 3288 So
481 3244 627 3291 contectura
644 3258 707 3309 pro·
792 3245 920 3310 imagines
937 3247 1211 3311 eorumqoccc'rcuttue
1224 3247 1264 3297 t'ur
1312 3283 1313 3304 2

202 3310 298 3359 unaue
310 3306 384 3358 Vcrr.
399 3305 442 3370 lll,
455 3307 496 3370 52,
512 3307 567 3357 121.
581 3309 705 3360 dubitatio
757 3313 886 3376 imagtrmr
898 3314 1097 3364 decancantes:
1114 3314 1170 3362 eine
1183 3315 1264 3364 aller-

202 3378 268 3428 a'mta
284 3391 321 3442 pr.
335 3375 433 3427 Caecin.
452 3391 474 3425 c.
487 3375 512 3426 4(
526 3376 706 3441 oratiosalaue
759 3380 830 3442 diugs
842 3377 1018 3430 hcircmdiiche
1030 3380 1184 3446 llcndiadys,
1202 3383 1266 3432 aber

203 3445 341 3510 legationis
359 3460 382 3493 u.
404 3444 454 3507 dgl.
476 3444 547 3493 mehr
568 3443 608 3494 bci
629 3444 705 3496 Heiu-
760 3447 983 3498 wohlahsichtlich
996 3449 1117 3512 gewiihlt,
1131 3465 1170 3498 um
1183 3450 1264 3500 durch
1312 3453 1313 3472 ³

203 3512 256 3560 rich
277 3512 316 3562 ud.¹
339 3512 388 3568 cie,
411 3512 442 3561 lr.
460 3526 498 3560 or.
518 3527 556 3580 pr.
576 3511 659 3562 Flocc.
681 3529 704 3580 p.
759 3516 806 3565 den
839 3516 1023 3566 wuuderliohen
1057 3516 1190 3568 husdruck
1224 3517 1265 3568 dic

204 3578 237 3627 94
264 3595 290 3628 u.
313 3579 395 3630 Haase
424 3597 455 3629 zu
478 3579 704 3642 Reisigsttes.
760 3581 979 3634 Wundertichkeit
1011 3584 1058 3633 der
1085 3583 1164 3634 Socha
1199 3588 1264 3634 noch

203 3644 228 3695 S.
244 3645 302 3694 650.
759 3651 1080 3715 grellerhervorzuhchou.
1105 3651 1266 3702 Ebcnsoab-

237 3717 360 3778 quattuor
371 3718 440 3765 entre
456 3718 566 3766 victuris.
591 3715 706 3766 Gemoint
759 3719 872 3769 sichtlich
894 3721 1003 3770 uaohhcr
1018 3721 1152 3774 scientiam
1166 3723 1265 3770 vietelli-

203 3781 257 3832 siud
281 3781 321 3829 die
343 3796 396 3845 sog,
421 3783 476 3832 vice
498 3783 640 3846 diescente,
665 3784 705 3834 dia
756 3790 873 3852 gentium
884 3792 1016 3850 suestram,
1032 3787 1111 3838 obstr.
1125 3805 1163 3854 pr.
1176 3804 1264 3838 coner.

144 3873 148 3880 ·
203 3847 369 3916 Empedoldcs
390 3849 585 3916 personifieirte,
608 3851 645 3901 sic
665 3852 704 3902 als
758 3854 800 3904 iiii·
819 3857 934 3905 mitreum
957 3860 1076 3906 nostrum
1096 3860 1219 3906 scientam
1241 3862 1266 3908 ct

175 3934 179 3966 ι
203 3914 302 3967 hascoit
313 3917 362 3966 und
375 3916 497 3967 handelnd
510 3918 642 3968 darstclltc
655 3921 703 3970 und
757 3924 947 3989 mtcdigcntarn.
