2622 4326
424 230 485 282 trs.
496 199 528 282 ir.
555 229 626 282 err.
641 231 680 282 12.
696 232 735 283 ra.
751 233 789 284 14.
1074 242 1132 303 121

71 389 174 462 potest
193 382 348 463 impedire,
368 392 523 463 propterea
543 386 622 464 quod
641 403 745 446 omnes
761 393 880 450 naturas
895 389 960 469 ipsa
976 391 1092 453 cohihet
1105 403 1135 454 ot

72 467 213 528 continet.
237 467 380 541 Quocirca
394 485 516 530 necesse
531 477 575 531 est
591 488 657 530 esso
673 479 808 548 quartum
822 472 902 534 illum
918 482 947 536 et
957 475 1132 538 altissimum

71 553 211 631 gradum,
230 570 288 631 quo
308 551 386 614 nulla
402 553 443 613 vis
458 555 553 632 possit
568 554 712 615 accedere.
741 555 770 615 ls
786 565 884 618 autern
899 567 944 620 est
958 561 1080 638 gradus,
1100 563 1131 624 iu
1151 576 1185 626 ao

71 656 132 716 quo
147 653 247 699 rerum
263 637 397 701 omniurn
412 647 515 699 natura
527 637 660 717 ponium
676 657 749 718 quae
764 641 904 718 quoniam
918 644 983 704 talis
995 655 1047 719 est,
1061 656 1094 708 ut
1103 655 1133 708 et

70 722 183 801 praesit
201 722 338 782 omnihus
359 729 389 783 et
407 742 472 784 eam
492 723 569 784 nulla
587 741 635 782 res
654 723 750 801 possit
770 724 923 803 impedire,
949 746 1068 790 necesse
1088 739 1133 792 est

70 807 281 884 intelligentem
306 825 371 868 esse
389 809 534 868 muudum
554 807 716 887 etquidem
736 807 822 870 etiarn
845 811 1015 888 sapientem.
1057 815 1133 887 Quid

71 899 172 954 autem
197 899 241 952 est
266 891 413 965 inscitius,
441 911 527 972 quam
547 911 611 952 eam
630 900 780 965 naturam,
808 912 884 972 quae
905 915 1008 958 omnes
1028 897 1075 959 res
1095 900 1133 960 sit

71 975 233 1054 complexa,
248 993 310 1038 non
325 975 465 1055 optimam
482 977 546 1050 dici,
560 985 618 1051 aut,
632 995 722 1056 quum
739 977 776 1038 sit
792 977 912 1057 optima,
927 999 988 1042 non
1003 983 1133 1060 primum

69 1061 250 1122 animantem
266 1080 339 1135 esse,
355 1060 458 1122 deinde
473 1061 595 1122 rationis
610 1070 639 1122 et
654 1062 768 1122 consilii
784 1071 963 1142 compotem,
980 1074 1132 1145 postremo

69 1143 257 1224 sapientem?
288 1145 344 1219 Qui
362 1145 442 1206 enim
463 1155 561 1225 potest
580 1147 660 1209 aliter
679 1166 746 1208 esse
766 1147 898 1226 optima?
926 1150 1028 1229 Neque
1043 1151 1131 1225 enim,

69 1231 97 1291 si
118 1230 255 1309 stirpium
274 1230 376 1292 similis
396 1230 433 1291 sit
452 1240 501 1292 aut
521 1231 607 1292 etiam
625 1231 797 1306 bestiarum,
819 1233 930 1312 optima
949 1237 1078 1313 putanda
1094 1236 1133 1298 sit

68 1315 171 1393 potius
187 1334 275 1395 quam
290 1315 458 1376 deterrima:
472 1335 619 1390 decrero,
633 1317 658 1376 si
675 1317 796 1378 rationis
811 1316 955 1398 particeps
971 1320 1010 1380 sit
1024 1339 1079 1382 neo
1094 1322 1132 1383 sit

67 1407 171 1460 tamen
191 1418 207 1458 a
222 1399 367 1477 principio
388 1400 519 1478 sapiens,
539 1419 601 1461 non
616 1402 654 1461 sit
668 1402 794 1462 deterior
809 1403 911 1464 mundi
926 1405 1026 1483 potius
1043 1425 1132 1486 quam

67 1485 202 1544 humana
222 1483 364 1544 conditio:
386 1483 476 1544 homo
496 1485 574 1545 enirn
593 1485 709 1562 sapiens
725 1487 788 1546 fieri
803 1494 913 1563 potest,
935 1491 1063 1550 mundus
1078 1509 1130 1550 au-

66 1577 144 1640 tem,
160 1567 185 1628 si
200 1567 231 1626 in
246 1575 363 1628 aeterno
378 1569 524 1645 praeteriti
539 1568 680 1647 temporis
696 1570 791 1646 spatio
807 1570 861 1631 suit
875 1571 1026 1649 iusipiens,
1043 1591 1131 1635 num-

69 1671 160 1733 quam
176 1651 308 1731 profeeto
324 1652 496 1731 sapientiam
512 1660 719 1732 consequetur:
735 1653 774 1714 ita
788 1654 842 1714 erit
857 1655 978 1732 homine
995 1657 1130 1718 deterior.

69 1738 159 1812 Quod
179 1737 317 1816 quoniam
337 1736 497 1798 ahsurdum
514 1746 573 1810 est,
594 1745 623 1797 et
637 1737 753 1816 sapiens
769 1756 785 1797 a
799 1738 944 1816 principio
959 1742 1088 1801 mundus
1104 1749 1132 1802 et

70 1824 145 1884 deus
170 1822 323 1883 habendus
349 1829 402 1882 est.
444 1821 545 1901 Neque
570 1822 649 1883 enirn
672 1831 716 1882 est
740 1821 898 1901 quidquam
920 1823 997 1884 aliud
1017 1834 1131 1903 praeter
1150 1837 1183 1886 37

68 1909 229 1978 mundum,
252 1906 297 1966 cui
316 1906 388 1966 nihil
407 1901 494 1980 absit,
514 1907 652 1985 quodque
670 1907 799 1985 undique
819 1913 919 1986 aptum
935 1915 1020 1987 atque
1034 1911 1102 1988 peri
1115 1944 1130 1954 -

71 2000 153 2053 otum
173 1992 376 2070 expletumque
397 1991 435 2052 sit
455 1991 592 2052 omnihus
612 1992 674 2052 suis
691 1991 820 2052 numeris
835 2000 864 2052 et
879 1992 1022 2071 partibus
1053 1995 1131 2056 Scite
1149 1995 1190 2054 14

70 2077 151 2138 enim
171 2076 365 2156 Chrysippus,
384 2085 417 2137 ut
437 2075 527 2154 clypei
548 2095 650 2138 caussa
670 2075 867 2150 involucrum,
888 2078 1020 2156 vaginam
1035 2088 1131 2141 autem

69 2245 176 2296 mundo.
194 2273 228 2282 -
251 2245 335 2296 Ueher
355 2260 444 2296 rerum
460 2245 575 2295 omnium
629 2244 726 2295 fehlen:
739 2245 969 2297 dennmitncmerd
978 2245 1131 2298 alleinwer-

69 2317 180 2377 natura,
203 2328 255 2362 was
272 2313 327 2362 hier
342 2314 479 2379 passender
495 2313 533 2362 als
551 2328 573 2363 r.
629 2313 676 2362 den
694 2313 731 2362 ort
748 2313 786 2362 die
804 2315 982 2364 wesentlichen
1000 2331 1046 2365 zur
1057 2316 1130 2367 Voll-

71 2383 156 2432 omnis
176 2398 210 2443 m,
231 2381 283 2443 vgl.
301 2397 322 2430 c.
336 2381 381 2444 32,
394 2379 439 2430 82:
461 2382 576 2430 omnium
629 2380 765 2443 ztihliglreit
777 2380 1051 2445 undVollstiindiglreit
1063 2384 1132 2432 einer

71 2465 137 2515 quae
148 2451 334 2500 recreaturum
351 2465 407 2498 esse
424 2461 533 2515 corporo
550 2451 577 2496 et
629 2447 1131 2498 SaeheerlorderliohenStiickebezeich-

68 2520 154 2568 e’nane.
629 2521 679 2579 net,
701 2516 757 2564 dem
777 2515 870 2577 grieoh.
889 2515 1055 2580 Spraohgehr.
1075 2523 1131 2564 ent-

106 2583 148 2633 36.
167 2584 280 2635 deterior
293 2585 389 2649 potius.
414 2581 471 2631 Man
488 2581 575 2632 wiirde
630 2581 780 2646 spreehend‚
798 2598 820 2630 z.
834 2583 861 2630 Β.
875 2582 946 2644 Diog.
959 2581 988 2630 L.
1003 2581 1055 2646 Vll,
1071 2581 1130 2632 100:
1146 2615 1149 2621 -

71 2653 131 2701 sehr
150 2652 234 2713 irrep,
254 2665 327 2699 wenn
351 2665 406 2698 man
425 2651 512 2716 potius
533 2647 575 2697 fiir
629 2643 661 2697 τὸ
674 2647 779 2698 τέλειον
797 2642 908 2714 ἀγαθὸν
924 2644 1001 2712 παρὰ
1013 2644 1045 2698 τὸ
1058 2645 1132 2700 πάν-

69 2719 223 2782 iibertliissig
235 2718 284 2767 und
296 2716 338 2765 liir
350 2717 405 2766 eine
418 2715 574 2766 blosseVer-
629 2731 678 2770 τας
690 2709 807 2795 ἀπέχειν
824 2708 889 2769 τοὺς
901 2712 1133 2786 ἐπιζητουμένους

70 2787 195 2850 stiirlruug
207 2802 256 2836 von
270 2779 381 2836 deterior
393 2783 479 2833 hielte.
505 2783 574 2834 Viel-
630 2777 771 2852 ἀριθμους
784 2776 839 2831 ὑπὸ
852 2783 900 2846 τῆς
912 2778 1030 2850 φύσεως.

68 2856 141 2904 mehr
153 2871 201 2904 nur
210 2855 300 2922 potius
313 2852 388 2904 allein
399 2851 468 2901 dient
477 2851 574 2913 cigent-
679 2865 682 2868 ·
1034 2853 1060 2868 ’·

67 2923 118 2972 lieh
140 2938 187 2972 zur
207 2921 393 2985 Vergleichung
416 2921 462 2968 der
485 2919 574 2970 beiden
665 2909 716 2968 14.
734 2915 879 2968 Sciteenim
890 2917 1056 2988 Chrysippus.
1080 2921 1132 2970 Der·

70 2989 176 3040 Glieder
187 2992 238 3040 und
250 2996 307 3053 sagt
319 3004 371 3053 aus,
384 2988 442 3036 dass
454 2988 499 3037 das
511 2985 575 3036 Prii-
630 2985 689 3036 sinn
703 2987 747 3036 des
760 3002 809 3036 von
819 2985 907 3036 Cicero
920 2988 987 3038 nicht
998 3004 1062 3052 ganz
1074 2989 1132 3039 klar

68 3058 138 3107 dicat
159 3057 270 3109 deterior
290 3058 351 3106 cher
371 3057 426 3106 dem
447 3054 574 3105 Zostande
628 3061 829 3118 vorgetragenen
853 3055 980 3106 Beweises
1009 3057 1043 3108 ist
1065 3058 1132 3107 wohl

69 3127 116 3177 der
125 3126 200 3177 Welt
210 3126 248 3176 als
260 3127 316 3175 dem
325 3125 370 3174 des
381 3123 515 3173 lllenschen
528 3139 574 3172 zm
628 3121 724 3172 dieser:
746 3123 831 3186 Ades,
853 3138 906 3174 was
928 3141 976 3174 nur
992 3125 1030 3175 als
1048 3125 1131 3176 Mittel

69 3195 185 3246 hominen
202 3194 298 3249 wiirde.
325 3193 371 3242 Die
389 3190 575 3254 Vergleiohung
629 3207 685 3240 zum
696 3191 791 3241 Zweclr
808 3190 849 3242 liir
866 3192 906 3241 ein
923 3191 1037 3242 Anderes
1054 3193 1130 3254 dient,

69 3264 143 3326 aber,
166 3263 211 3312 aul
231 3261 326 3311 welche
351 3261 396 3310 der
416 3258 575 3324 Comparativ
625 3258 663 3308 ist
675 3259 743 3324 nicht
754 3259 867 3321 absolut,
885 3261 995 3309 sordem
1006 3274 1052 3308 nur
1065 3258 1130 3308 rela-

69 3332 183 3382 detorr'or
194 3332 294 3392 deutet,
308 3329 342 3378 ist
353 3328 377 3376 in
391 3328 436 3376 der
448 3325 575 3376 Satzlorm
628 3327 666 3378 tiv
683 3327 860 3378 volllrommen.
889 3327 936 3374 Die
954 3325 1025 3374 Welt
1045 3323 1129 3384 allelu,

69 3401 140 3450 nicht
160 3399 251 3448 weiter
274 3394 433 3459 ousgefdhrt,
458 3394 516 3444 weil
537 3395 573 3444 sie
628 3396 659 3445 da
672 3395 708 3445 sie
721 3395 794 3444 Alles
807 3395 831 3442 in
846 3393 899 3442 sich
912 3391 990 3451 fassi,
1008 3390 1062 3439 also
1075 3389 1130 3438 hei-

70 3469 123 3518 sich
149 3467 255 3516 ohnehin
279 3479 327 3514 von
349 3463 429 3512 selhst
449 3464 571 3512 versteht.
628 3479 683 3513 nem
703 3463 806 3512 dudem
826 3460 865 3508 als
886 3457 970 3509 lllittel
991 3456 1072 3517 dient,
1097 3456 1131 3506 ist

69 3538 128 3588 Man
140 3535 221 3586 dentre
233 3541 297 3584 etwa
308 3531 419 3582 deterior
428 3529 459 3580 de
468 3530 574 3581 duodus.
628 3527 800 3584 Selhstzweek
820 3526 870 3579 uud
889 3524 990 3580 absolut
1006 3524 1129 3576 volllrom-

104 3605 147 3655 37.
171 3601 282 3668 undiquc
297 3603 398 3668 aptum:
420 3613 487 3660 „von
507 3598 575 3648 allen
625 3615 691 3648 men.
722 3593 836 3656 Folglieh
857 3592 921 3642 kann
942 3592 982 3640 ihr
1001 3593 1065 3642 auch
1085 3593 1130 3644 das

70 3675 166 3736 Seston,
176 3671 228 3720 d.h.
239 3667 464 3731 iujederllinsicht
474 3665 574 3716 zweclr-
614 3666 694 3723 »nicht
706 3659 803 3722 tehlen,
816 3660 879 3708 ohne
892 3659 1001 3710 welches
1014 3661 1051 3710 sie
1063 3661 1132 3712 nicht

70 3741 165 3802 mttestg
176 3739 227 3788 und
239 3735 374 3787 sohicklich
383 3733 574 3797 singerichtet.“
625 3727 905 3790 vahsolutnollhommen
914 3728 1066 3794 seinwiirde‚
1077 3731 1130 3781 dh

70 3837 104 3848 -
116 3808 237 3869 omnihus
246 3823 270 3864 s„
285 3804 400 3862 numerio
413 3806 439 3852 et
447 3803 574 3870 pertidus.
628 3799 667 3847 die
680 3795 814 3848 Veruuult.
827 3823 865 3836 --—
881 3795 969 3854 ,Ueher
984 3799 1053 3854 enirn
1065 3813 1085 3848 s.
1099 3813 1132 3851 zu

62 3880 122 3929 ,Der
139 3874 238 3926 zweite·
249 3871 382 3933 Ausdruolr
399 3870 494 3920 kiinnte
512 3867 574 3917 auch
629 3882 651 3915 o.
667 3863 698 3913 16
710 3864 743 3914 in.
